5234 6602
1192 645 1424 712 ..5...Ι

444 857 683 928 Itacuenarum
720 855 894 945 virginum
929 851 1081 925 moribus
1118 874 1138 922 e
1172 855 1326 922 carmine
1363 857 1483 920 nostro
1519 847 1596 918 ideo
1634 845 1864 933 indicaverisq
1901 844 1992 937 quod
2029 852 2162 914 amatae

450 993 588 1089 puellae
614 1001 651 1063 ut
675 989 889 1064 Wclcherus
921 993 1052 1061 monuit
1078 990 1276 1061 colinariam
1305 989 1515 1082 potissimum
1558 983 1808 1078 supellectilem
1839 992 1942 1077 pocta
1970 982 2194 1094 donaverit..

446 1131 577 1201 Verum
606 1151 649 1201 ne
686 1128 766 1200 iude
796 1127 932 1222 quidem
962 1128 1067 1200 multa
1096 1128 1214 1218 colligi
1244 1135 1407 1222 possuntq
1447 1125 1586 1195 maioris
1620 1124 1782 1193 momenti
1815 1131 1867 1194 est
1894 1121 2038 1192 hilarem
2066 1120 2162 1191 illum

444 1291 486 1340 ac
521 1268 668 1339 lacetum
695 1271 842 1338 animum
871 1286 1090 1357 cognoscere
1128 1287 1194 1359 quo
1224 1265 1366 1336 Alcman
1409 1261 1500 1331 multi
1537 1264 1603 1331 Ioci
1631 1268 1731 1355 pocta
1765 1269 1800 1330 ut
1836 1259 1922 1336 alios
1957 1281 2082 1334 versus
2117 1262 2163 1331 ita

446 1379 512 1478 hos·
536 1428 672 1500 quoquc
700 1403 826 1476 elludit.
2075 1489 2079 1496 Ι

552 1543 652 1631 Quod
681 1565 766 1616 sane
796 1535 1072 1634 Hercungiumfi]
1100 1545 1134 1611 iu
1165 1564 1240 1612 eum
1271 1562 1427 1612 errorem
1456 1537 1622 1609 inducere
1649 1558 1719 1607 non
1752 1536 1887 1628 detuit,
1916 1547 1952 1609 ut
1978 1537 2165 1645 fragmen-

443 1691 513 1752 tum
551 1690 703 1753 nostrum
740 1681 782 1752 ad
819 1679 926 1753 scolia
963 1681 1141 1773 pertinere
1175 1687 1356 1767 censeret,
1392 1676 1506 1772 qualia
1543 1679 1607 1747 etsi
1633 1661 1792 1746 Alcmani
1819 1686 1897 1770 post
1924 1677 2163 1772 Terpandrum

444 1819 546 1891 facile
577 1819 819 1908 adscthimusq
856 1828 970 1889 tamen
1000 1817 1115 1912 paullo
1145 1817 1247 1914 aliter
1275 1837 1315 1887 ea
1344 1822 1543 1909 comparata
1572 1822 1681 1884 crant.
1755 1812 1875 1887 Obstat
1920 1818 2009 1886 enim
2045 1817 2166 1887 'nostri

443 1958 631 2050 fragmenti
673 1966 707 2027 ct
748 1965 989 2048 argumentum
1033 1965 1070 2026 et
1102 1953 1411 2040 metricaiormaa,
1455 1975 1543 2046 quae
1579 1974 1654 2022 cum
1690 1975 1709 2022 a
1748 1952 1932 2024 scoliorum
1976 1953 2164 2026 exsultanti

444 2096 585 2168 levitate
612 2099 720 2168 ,nimis
748 2093 903 2182 recedat,
933 2092 1075 2163 odarum
1104 2095 1213 2183 magis
1242 2095 1276 2162 in
1305 2091 1441 2163 modum
1470 2093 1660 2185 coraposito
1690 2113 1768 2162 esse
1798 2090 1967 2162 videatur.
2022 2091 2098 2176 Quo
2127 2094 2163 2162 ln

367 2287 370 2294 .
445 2256 580 2325 genere
610 2233 817 2303 Alcmanem
853 2253 920 2302 nou
950 2253 1059 2325 pauca
1082 2251 1248 2302 novasse
1284 2238 1437 2319 constat‚
1476 2251 1675 2324 quamquam
1714 2229 1851 2321 singula
1887 2239 1966 2302 sunt
2002 2227 2162 2302 obscura.

441 2372 494 2441 Ac
535 2370 578 2440 de
625 2371 835 2441 tetrametris
876 2368 1056 2463 dactylicis
1098 2389 1200 2437 nemo
1243 2365 1398 2440 dubitare
1436 2375 1570 2461 potestq
1618 2365 1799 2458 ambigitur
1839 2367 1942 2456 ittudff
1991 2367 2165 2460 quomodo

442 2508 593 2600 Alcman
622 2509 655 2577 in
685 2511 837 2578 carmine
866 2515 985 2579 nostro
1014 2505 1173 2598 singulos
1201 2526 1327 2577 versus
1355 2501 1397 2575 cd
1427 2503 1642 2599 stropharum
1671 2502 1945 2598 aequabilitatem
1973 2497 2159 2597 redegerit.
2213 2479 2219 2490 ¹

443 2631 732 2740 westphattust]
777 2639 1021 2740 quaternorum
1070 2666 1234 2715 versuum
1280 2643 1439 2738 strophas
1472 2644 1639 2744 agnoscit
1685 2646 1730 2713 ita
1777 2642 1934 2736 quidem,
1987 2654 2022 2714 ut
2058 2665 2166 2716 senos

445 2794 664 2856 tetrametros
701 2783 743 2854 ad
772 2792 889 2854 ternas
911 2782 1127 2877 octapodias
1164 2791 1265 2877 pocta
1302 2783 1522 2852 coniunxerit
1558 2789 1725 2874 sequente
1764 2803 1827 2876 pro
1864 2780 2019 2854 clausula
2052 2791 2166 2853 tetra-

444 2922 545 3016 podia
585 2921 794 2993 catalectico.
864 2919 962 3008 Quod
997 2924 1025 2992 si
1061 2923 1107 2991 ita
1141 2943 1179 2992 se
1216 2919 1341 3008 habet,
1377 2918 1419 2989 ah
1453 2919 1570 2990 ultimo
1607 2918 1779 2991 vocabulo
1825 2919 2010 3012 fragmenti
2055 2925 2166 2993 nostri

442 3059 573 3138 ζατεύει
612 3061 756 3131 alteram
798 3059 973 3154 stropham
1022 3061 1197 3154 incepisse
1234 3056 1448 3132 statuendum
1485 3068 1547 3129 est.
1611 3057 1687 3130 Hac
1729 3061 1865 3130 ratIone
1901 3059 2072 3149 Alcman,
2109 3063 2166 3155 qui

445 3197 653 3270 carminibus
696 3201 766 3270 suis
806 3221 881 3268 cum
903 3196 1080 3294 vchoricae
1125 3196 1242 3292 poesis
1283 3197 1475 3268 severitate
1512 3198 1632 3266 mirum
1669 3199 1702 3266 in
1746 3197 1882 3268 modum
1919 3197 2164 3271 LesbIacorum

443 3346 560 3408 vatum
596 3335 802 3407 hilaritatem
846 3337 1048 3426 coniunxit,
1089 3357 1201 3430 prope
1238 3334 1373 3424 accedit
1406 3332 1449 3403 ad
1485 3355 1561 3404 cam
1598 3334 1815 3429 stropharum
1852 3335 2018 3426 sormam,
2064 3361 2165 3432 quam

444 3484 564 3570 postea
600 3473 739 3570 Sappho
776 3479 859 3548 satis
901 3484 1018 3546 notum
1055 3482 1108 3546 est
1150 3480 1276 3568 quanta
1313 3472 1488 3563 elegantia
1534 3471 1738 3542 excoluerit.
1812 3473 1882 3545 Sed
1923 3478 2083 3568 quoniam
2122 3477 2167 3548 de

444 3612 663 3707 stropharum
720 3615 969 3708 compositione
1016 3611 1220 3682 Alcmauica
1266 3612 1330 3683 nisi
1376 3633 1397 3680 e
1443 3613 1562 3707 paucis
1607 3611 1673 3683 illis
1720 3614 1915 3708 misereque
1970 3613 2165 3690 dilaceratis

442 3750 644 3845 fragmentis
679 3750 831 3822 iudicare
859 3772 929 3821 non
959 3772 1160 3845 possumus,
1190 3749 1395 3844 Westphalii
1423 3739 1511 3821 ratio
1538 3753 1696 3844 quamvis
1728 3749 1915 3846 probabilis
1939 3775 2018 3826 esse
2039 3755 2166 3828 videa-2

444 3897 520 3978 tur,
549 3897 664 3959 tamen
694 3911 762 3960 uon
791 3911 935 3984 prorsus
963 3898 1059 3960 certa
1088 3897 1150 3961 est.
1213 3885 1338 3982 Neque
1370 3910 1459 3960 vero
1495 3897 1636 3990 apparet
1672 3907 1798 3961 versus
1832 3900 1971 3965 nostros
2004 3893 2046 3964 ad
2074 3919 2167 3990 nap-

442 4025 541 4096 θένια
579 4029 656 4099 sive
695 4019 924 4123 παρθενεῖαθ)
966 4030 1141 4122 pertiuere
1185 4049 1253 4121 quo
1291 4049 1353 4096 cos
1397 4026 1686 4100 Schneidewmus
1728 4032 1916 4101 revocavit
1958 4035 1991 4102 in
2029 4031 2165 4104 delectu

446 4175 625 4261 poetarum
662 4166 871 4237 meticorum.
945 4165 1033 4237 Nam
1071 4167 1203 4236 etiamsi
1241 4164 1441 4236 felicissimo
1481 4186 1562 4235 casu
1598 4165 1722 4237 accidit
1756 4175 1790 4237 ut
1827 4167 2084 4263 partheniorum
2120 4170 2163 4241 ab

452 4432 454 4442 y
547 4455 570 4518 6)
589 4455 617 4505 ln
635 4455 744 4507 editione
762 4461 856 4520 poetar.
875 4452 977 4519 lyricor.
995 4452 1181 4505 Graecorum.
1200 4451 1221 4500 V
1239 4469 1263 4518 p.
1284 4453 1341 4504 1⁴1.

549 4545 569 4604 ⁷)
590 4541 627 4592 De
645 4557 672 4593 re
689 4550 761 4593 metr.
779 4541 866 4593 Graec.
884 4539 919 4591 11²
935 4555 960 4606 p.
978 4541 1039 4592 367.
1075 4539 1156 4591 Aliter
1173 4548 1228 4606 post
1246 4556 1301 4591 cum
1322 4538 1442 4592 Christius
1461 4539 1493 4591 dc
1510 4556 1539 4591 ro
1558 4547 1630 4593 metr.
1647 4540 1688 4593 Gr.
1707 4549 1732 4592 ct
1750 4539 1823 4593 Rom.
1842 4555 1867 4610 p.
1889 4542 1940 4594 257
1960 4543 2047 4612 fragm.
2063 4545 2165 4596 XXXIV-

446 4627 487 4681 cd.
505 4627 597 4696 Bcrglr.
616 4627 737 4694 disposuit
754 4626 820 4695 quod
840 4627 927 4678 codem
945 4635 1026 4678 mctro
1043 4643 1073 4677 uc
1090 4635 1201 4678 nostrum
1220 4628 1302 4678 utitur.

548 4716 569 4780 ⁸)
587 4714 646 4766 'Ircc
664 4716 729 4765 cuim
747 4715 820 4766 huius
839 4713 956 4766 vocabuli
973 4715 1108 4780 scripturas
1127 4715 1267 4765 iuvcnimus
1284 4711 1413 4788 παρθένια,
1431 4713 1571 4789 capillum,
1591 4711 1736 4786 caphurnio,
1754 4731 1858 4784 quarum
1877 4717 1960 4769 media
1977 4717 2019 4770 vel
2038 4711 2164 4770 miuhuam

446 4799 523 4852 babet
545 4802 792 4854 commendationem.
834 4801 916 4852 Tertia
942 4800 1020 4852 Iorma
1048 4802 1125 4852 Arist.
1143 4801 1191 4852 Ar.
1210 4818 1234 4852 r.
1254 4801 1304 4852 919
1328 4817 1394 4868 quac
1422 4809 1499 4851 metro
1526 4799 1580 4851 cola
1607 4803 1726 4853 conuenit
1753 4803 1889 4856 secundum
1916 4789 2074 4856 scholiastam
2101 4823 2167 4880 npu-

445 4889 626 4960 atptcnopicur
643 4888 775 4941 scribenda
793 4897 838 4940 est.
875 4887 1007 4953 Comparat
1025 4887 1163 4940 Abrensius
1181 4887 1266 4938 Philol.
1285 4885 1384 4951 XXVII,
1403 4903 1427 4952 p.
1446 4888 1496 4938 245
1515 4885 1573 4937 adn.
1593 4887 1609 4938 2
1629 4885 1747 4962 ἀνδριῑος,
1764 4897 1907 4963 γυναικιῑος,
1924 4889 2040 4950 audcior.
