5234 6602
478 1933 677 2005 Athenaeus
712 1942 933 2028 posteaquam
976 1932 1099 2002 multos
1137 1930 1293 2004 homines
1330 1930 1458 2004 edaces
1495 1940 1597 2026 atque
1638 1931 1821 2006 helluones
1858 1940 2091 2026 enumeravit„

375 2080 622 2143 commemorat
637 2065 667 2160 ¹)
710 2073 812 2142 etiam
846 2070 1046 2141 Alemanem
1091 2079 1224 2164 poetam
1263 2069 1315 2140 his
1358 2067 1510 2142 verbis:
1544 2067 1598 2139 καὶ
1630 2067 1784 2166 Ἀλκμὰν
1826 2067 1862 2138 δὲ
1899 2073 1917 2142 ὁ
1953 2073 2094 2172 ποιητὴς

373 2209 490 2282 ἑαυτὸν
526 2207 695 2306 ἀδηφάγον
723 2204 806 2278 εἶναι
835 2205 1051 2304 παραδίδωσιν
1081 2206 1115 2276 ἐν
1144 2218 1192 2305 τῷ
1217 2207 1312 2305 τρίτῳ
1345 2204 1397 2274 διὰ
1427 2205 1552 2278 τούτων

790 2345 844 2416 καί
870 2345 955 2415 ποκά
981 2370 1030 2415 τοι
1057 2343 1154 2414 δώσω
1181 2342 1329 2440 τρίποδος
1355 2345 1465 2434 κύτος,

791 2461 822 2566 ᾦ
847 2464 875 2535 κ’
906 2468 1019 2540 euulsa
1043 2457 1166 2563 rpequc.

789 2587 865 2658 ἀλλ’
891 2587 940 2659 ἔτι
966 2597 1024 2658 nitu
1051 2585 1080 2682 γ’
1099 2586 1241 2682 ἄπορος,
1274 2587 1361 2681 τάχα
1388 2583 1424 2656 δὲ
1450 2584 1553 2664 πλέος

793 2707 925 2798 ’ἑτοεοςἼ
954 2703 1021 2777 οἷον
1044 2711 1061 2778 ὁ
1085 2709 1262 2803 παμφάγος
1286 2705 1439 2802 Ἀλκμὰν
1464 2685 1468 2696 ¹

789 2829 922 2928 ἠράσθη
951 2825 1084 2925 χλιερὸν
1115 2826 1200 2897 πεδὰ
1226 2825 1285 2904 τὰς
1310 2828 1447 2923 τροπάς·

782 2949 829 3020 ὀὔ
855 2976 886 3019 τι
912 2947 973 3046 γὰρ
1001 2948 1044 3049 ἠὺ
1070 2947 1268 3044 τετυγμένον
1296 2949 1389 3020 ἔσθει

793 3191 933 3270 ζατεύει.

447 3330 527 3408 ,lta
568 3330 656 3401 haee
692 3329 802 3402 verba
839 3333 872 3400 in
911 3329 1031 3400 codice
1065 3327 1202 3400 Veneto
1237 3330 1271 3399 A
1309 3329 1492 3418 legentum
1531 3349 1632 3422 quern
1669 3327 1750 3398 licet
1787 3330 1876 3397 iuter
1915 3328 2088 3401 Athenaei

373 3467 512 3540 codices
548 3467 656 3560 longe
684 3471 829 3564 optimus
866 3469 909 3540 sit
944 3467 1055 3539 multis
1091 3476 1205 3538 tamen
1242 3467 1334 3537 vitiis
1372 3473 1508 3536 scatere
1543 3464 1743 3538 Dindorlius
1779 3442 2089 3562 demonstravit²].

373 3605 526 3676 Eandem
564 3605 639 3676 lere
681 3629 806 3678 versus
834 3605 978 3678 secundi
1006 3607 1083 3676 sive
1111 3606 1315 3698 scripturam
1350 3605 1426 3674 sive
1459 3603 1691 3698 corruptelam
1730 3602 1897 3675 exhibent
1931 3626 2018 3698 quac
2055 3609 2089 3676 in

373 3742 449 3814 cod.
478 3743 517 3814 Β.
554 3744 741 3836 leguntur:
777 3741 964 3813 ὥκενιλεα
994 3741 1023 3839 γ’
1052 3743 1163 3839 εἴρης,
1198 3742 1314 3837 ροοΙΙο
1350 3742 1452 3812 aliter
1488 3751 1613 3813 sonant
1650 3741 1725 3812 cod.
1760 3740 1866 3812 Palat
1894 3740 2089 3812 verbatrh

371 3877 425 3949 καὶ
451 3881 544 3951 ahsa
577 3884 731 3980 τριήρης,
767 3881 913 3954 Ursinus
941 3891 976 3951 et
1004 3880 1199 3976 Stephanus
1227 3880 1256 3951 ὦ
1282 3879 1388 3951 Νίλεα
1417 3883 1543 3952 omissa
1576 3881 1629 3950 καί
1659 3880 1825 3975 particula
1862 3883 2089 3974 scripserunt.

373 4007 502 4090 Nostra
530 4029 641 4091 aetate
671 4021 777 4092 variis
805 4021 1012 4090 coniecturis
1037 4021 1105 4090 viri
1134 4018 1225 4092 docti
1254 4026 1449 4112 corruptum
1480 4040 1620 4090 versum
1645 4040 1771 4090 sanare
1797 4017 1992 4110 studebam
2024 4041 2091 4090 nec

372 4165 487 4228 tamen
522 4160 562 4230 iis
599 4160 761 4249 contigit,
803 4166 837 4229 ut
879 4156 1091 4252 prohabilem
1128 4166 1365 4252 proponerent
1401 4155 1686 4229 emendationem.
1756 4153 1844 4244 Quid
1881 4159 2024 4246 mirum,
2061 4161 2090 4230 si

375 4296 564 4366 novissimo
598 4294 785 4386 fragmenti
820 4296 1007 4366 Alemaniei
1039 4294 1161 4364 editori
1198 4297 1280 4365 satis
1316 4304 1391 4366 erat
1427 4295 1585 4367 lacunam
1621 4296 1794 4370 iudicasse
1823 4303 1963 4390 recepta
1993 4295 2091 4366 Her-

373 4435 488 4502 manni
515 4431 604 4502 haud
633 4454 717 4504 sane
746 4433 925 4506 verisimili
954 4433 1182 4503 coniectura?

397 4547 408 4574 .

478 4755 496 4820 ι)
514 4752 536 4804 n
555 4769 578 4820 ρ.
598 4755 649 4806 ara
667 4753 695 4806 c.

477 4847 496 4914 Ι)
515 4845 603 4900 Philol.
623 4847 689 4900 llllll
708 4866 732 4916 p.
746 4851 780 4901 74
792 4867 846 4918 sqq.
882 4849 918 4901 Ex
934 4850 981 4901 hoc
993 4851 1080 4902 codice
1089 4849 1185 4902 Veneto
1196 4851 1297 4903 saecli
1315 4867 1401 4902 omnes
1419 4845 1494 4902 libros
1513 4865 1570 4901 mss.
1588 4865 1653 4901 saec.
1672 4847 1716 4900 XV
1735 4855 1760 4900 et
1779 4845 1833 4898 xvi
1853 4845 1953 4899 fluxisse
1971 4846 2086 4900 Dlnrlor·

373 4931 419 4984 llus
437 4933 591 5001 gravissimis
609 4937 761 5004 argumentis
779 4935 902 5003 probavit,
921 4953 1069 5006 quamquam
1087 4953 1118 4988 ex
1136 4937 1285 5006 apographis
1304 4953 1403 5006 quoque
1420 4953 1599 5006 nonnunquam
1617 4935 1723 4988 idoneae
1741 4934 1860 4988 lectiones
1879 4933 2029 4986 redundant.
