5234 6602
1259 727 1510 800 -10.,

527 935 659 1008 librarii
713 944 979 1032 usurpaverant.
1071 933 1237 1005 Similiter
1292 931 1512 1030 τρισύλλαβος
1564 937 1724 1009 scribitur
1784 936 1986 1032 ήσιίλλοβος,Δ
2048 938 2247 1036 διώλλαβος

527 1057 717 1169 ᾗοδλλαβος
756 1085 790 1148 et
837 1077 888 1148 sic
936 1095 1042 1169 porro
1091 1081 1233 1144 ceterae
1284 1071 1420 1144 litterae
1474 1075 1518 1146 ad
1567 1097 1732 1146 numeros
1774 1075 1975 1149 iudicandos
2030 1078 2244 1151 adhibentur.

528 1215 632 1288 Cuius
658 1217 802 1306 generis
828 1211 995 1284 nonnulla
1022 1210 1183 1306 exempla
1210 1209 1344 1282 Bestius
1354 1205 1409 1305 ²⁴]
1436 1213 1599 1306 collegit,
1637 1235 1748 1308 pauca
1777 1214 1988 1287 Welcberus
2023 1217 2151 1289 addidit
2178 1241 2247 1290 nec

528 1353 652 1426 desunt
678 1353 779 1448 plura
802 1353 980 1446 quaerenti
1007 1349 1076 1420 alia
1103 1347 1189 1446 apud
1219 1350 1307 1422 alios
1334 1353 1534 1447 scriptores.
1589 1351 1661 1424 Sed
1688 1352 1778 1446 apud
1800 1353 2016 1436 Athenaeum
2044 1365 2112 1426 tam
2141 1357 2246 1427 multa

528 1491 701 1564 vocabula
721 1491 910 1586 composita
930 1491 1164 1578 inveniuntur,
1193 1511 1338 1582 quorum
1372 1493 1491 1584 priora
1514 1488 1670 1561 membra
1698 1513 1774 1562 cum
1800 1491 1992 1562 numeralia
2015 1495 2083 1566 siut
2109 1497 2245 1586 integra

528 1639 645 1702 humen
674 1629 863 1700 litterarum
891 1629 983 1700 serie
1008 1625 1216 1714 scribuntur,
1246 1637 1281 1699 ut
1308 1629 1587 1722 compendiosam
1618 1629 1712 1700 illam
1740 1633 1944 1725 scripturam
1973 1653 2075 1702 nemo
2103 1641 2246 1727 praeter

529 1770 767 1840 necessitatem
797 1767 975 1839 admittere
1004 1764 1139 1836 debent.
1206 1764 1278 1836 lam
1315 1788 1404 1838 vero
1439 1770 1546 1860 ipsam
1586 1767 1747 1838 vocabuli
1783 1771 1923 1864 τριήρης
1957 1768 2246 1860 significationem

528 1928 598 2000 quo
626 1905 761 1976 tandem
790 1906 891 1977 modo
920 1903 1127 2000 probaveris
1156 1913 1274 1975 nostro
1303 1904 1382 1976 loco
1410 1909 1537 2000 optime
1565 1905 1766 1999 quadrare?
1793 1904 1933 1977 luerunt
1957 1929 2043 1978 saue
2071 1910 2128 2000 qui
2155 1929 2242 1978 cre-

395 2127 401 2138 ,
529 2044 653 2116 dereut
688 2067 777 2138 quae
813 2042 1024 2114 wolckerus
1061 2043 1125 2112 iam
1165 2045 1197 2111 in
1235 2045 1343 2138 prima
1381 2043 1654 2136 fragmentorum
1689 2044 1968 2116 Alcmauicorum
2015 2045 2165 2117 editione
2201 2044 2246 2115 de

528 2187 664 2284 τριήρης
690 2184 802 2278 poculi
829 2184 966 2254 nomine
995 2183 1095 2254 docte
1124 2192 1360 2277 exposuerat,
1396 2183 1458 2254 sed
1495 2183 1558 2255 bos
1585 2183 1823 2278 explicatores
1852 2182 1949 2253 velut
1977 2181 2098 2253 Odolr.
2126 2181 2246 2254 blael-

529 2321 638 2422 lerpm
667 2331 702 2392 et
729 2323 990 2394 Boissonadium
1017 2321 1175 2416 equidem
1213 2332 1295 2416 puto
1332 2343 1454 2392 omnes
1489 2343 1630 2394 errasse
1665 2324 1743 2415 quia
1778 2323 1979 2392 memoriam
2017 2323 2118 2392 vocis
2154 2320 2247 2391 illius

529 2459 668 2552 lougius
694 2469 857 2554 repetere
886 2459 1079 2532 noluerunt

633 2615 793 2710 Epiuious
813 2618 904 2686 enim
924 2619 1075 2686 comicus
1095 2615 1181 2710 apud
1202 2613 1414 2686 Athenaeum
1427 2609 1481 2704 ²5)
1500 2618 1533 2685 in
1554 2613 1670 2686 labula
1689 2614 1835 2709 quadam
1855 2635 1942 2707 quae
1956 2609 2248 2708 Ὓποβαλλόμεναι

530 2755 693 2850 inscripta
721 2763 797 2824 erat
822 2753 914 2824 buuc
942 2753 1115 2846 dialogum
1144 2754 1284 2824 instituit

894 2889 1038 2961 achatim
1067 2887 1175 2988 ῥυτῶν
1203 2889 1244 2960 τὰ
1273 2890 1408 2987 μέγιστα
1429 2905 1496 2961 τῶν
1525 2888 1630 2961 ὄντων
1656 2891 1729 2986 τρία

894 3028 997 3098 πίνειν
1025 3027 1136 3126 δεήσει
1162 3033 1304 3126 τήμερον
1331 3025 1413 3124 πρὸς
1439 3027 1624 3125 κλεψύδραν

895 3165 1153 3264 κροννιζὸρενον.
1190 3166 1359 3263 ἀμφοτέρα
1385 3165 1413 3234 δ’
1443 3165 1639 3261 οἰωνίζομαι.

897 3303 964 3374 ἔστι
990 3303 1018 3373 δ’
1047 3305 1178 3403 ἐλέφας.
1232 3305 1276 3373 B.
1306 3304 1472 3402 ἐλέφαντα
1497 3303 1683 3400 περιάγειςς
1711 3305 1748 3373 Α.
1777 3301 1873 3401 prada

896 3454 1028 3540 χωροῦν
1056 3441 1115 3515 δύο
1144 3441 1236 3540 χόας.
1289 3443 1334 3512 B.
1362 3440 1428 3513 οὐδ’
1456 3445 1495 3513 ἂν
1524 3443 1650 3538 ἐλέφας
1679 3443 1780 3513 ἐκπίοι

895 3583 933 3650 Α
961 3581 1028 3678 &pb
1055 3579 1090 3651 δέ
1117 3579 1217 3652 τοῦτό
1244 3583 1275 3678 γ’
1303 3581 1480 3652 ἐκπέπωκα
1505 3581 1663 3658 πολλάκις

896 3721 940 3789 B.
969 3719 1038 3791 οὐδ’
1067 3719 1246 3818 ἐλέφαντος
1273 3719 1335 3818 γὰρ
1362 3719 1528 3818 διαφέρεις
1554 3719 1631 3792 οὐδὲ
1660 3720 1709 3789 σίν.

897 3860 940 3930 Α.
966 3862 1079 3954 ἕτερον
1106 3863 1262 3958 τριήρης·
1289 3857 1375 3929 τοῦτ’
1400 3858 1482 3937 ἴσως
1509 3870 1614 3955 χωρεῖ
1640 3857 1714 3954 χόα.

536 4017 880 4110 PergitAtbeuaeus:
899 4014 973 4110 περὶ
999 4013 1035 4086 δὲ
1061 4026 1122 4086 τοῦ
1149 4017 1259 4112 τρίτον
1285 4013 1394 4109 λέγων
1423 4015 1521 4111 φησίν

900 4157 917 4226 ὁ
943 4151 1220 4250 Βελλεροφόντης
1248 4150 1332 4222 ἐστὶν
1361 4149 1510 4222 ἀπὸτοῦ
1537 4156 1689 4249 apprimo

897 4291 958 4390 τήν
985 4289 1150 4388 πυρπνὸον
1179 4292 1330 4387 χίμαιραν
1359 4290 1597 4386 εἰσηκοντικώς.

902 4431 945 4501 B.
975 4427 1053 4519 εἶεν,
1079 4428 1179 4525 δέχου
1207 4427 1260 4502 καὶ
1286 4439 1393 4500 τοῦτο.

642 4899 673 4963 2⁴)
693 4895 829 4948 Commeat.
849 4893 974 4962 palaeogr.
988 4907 1011 4958 p.
1031 4891 1082 4942 850
1100 4906 1155 4957 sqq.
1190 4885 1229 4938 et.
1248 4887 1322 4938 etiam
1342 4885 1524 4940 wattenbaebli
1544 4893 1647 4941 institut.
1665 4891 1792 4957 palaeogr.
1811 4890 1897 4940 Graec.
1916 4904 1940 4955 p.
1960 4889 2002 4940 30.

641 5001 673 5066 ²⁵)
691 5001 734 5065 xi,
752 5017 775 5068 p.
794 5001 844 5053 497
864 4999 894 5052 Α.
