5234 6602
1191 645 1417 716 ,6,

446 852 615 923 Alcmana
652 853 871 923 inventorum
907 851 1049 924 frustula
1092 852 1258 946 quaedam
1294 877 1314 925 e
1349 876 1484 950 papyro
1519 853 1579 924 illo
1614 852 1826 926 nobilissimo
1866 853 1948 924 olim
1984 853 2165 950 Aegyptio

448 1012 541 1061 nunc
575 988 732 1061 Parisino
775 989 1046 1082 colligerentur,
1083 993 1237 1062 virorum
1275 991 1453 1063 doctorum
1497 990 1608 1062 adhuc
1643 1011 1744 1062 nemo
1780 991 1903 1062 tradita
1940 990 2052 1063 verba
2094 1015 2165 1064 non

449 1128 556 1200 dicam
584 1129 729 1199 restituit
756 1128 818 1200 scd
846 1150 891 1199 ne
925 1127 1094 1223 probabili
1124 1127 1259 1222 quidem
1289 1127 1411 1200 ordine
1439 1128 1605 1224 disposuit
1620 1122 1666 1218 9).
1730 1127 1818 1199 Illud
1857 1151 1942 1201 sana
1971 1153 2045 1201 oum
2076 1134 2166 1204 reli-

449 1267 537 1362 quiis
565 1264 731 1338 Parisinis
762 1275 829 1336 tum
860 1268 1160 1358 grammaticorum
1198 1266 1516 1338 Alexandrinorum
1555 1264 1807 1338 delinitionibus
1849 1267 2068 1341 manifestum
2113 1280 2167 1344 ast

448 1402 535 1473 haee
584 1406 735 1474 carmina
783 1427 803 1474 a
841 1403 956 1476 choris
1003 1405 1176 1495 virginum
1215 1406 1260 1474 ita
1312 1427 1391 1477 esse
1433 1413 1588 1493 cantata,
1641 1413 1676 1474 ut
1726 1425 1806 1475 non
1844 1404 1954 1476 solum
2008 1409 2166 1498 virgines

449 1540 592 1612 deorum
612 1543 836 1635 virorumque
855 1539 1120 1614 fortissimorum
1141 1540 1230 1612 lacta
1249 1541 1469 1613 celebrarent
1493 1541 1554 1614 sed
1575 1563 1656 1612 suus
1676 1543 1776 1612 etiam
1797 1544 1892 1636 ipsae
1918 1543 2037 1616 laudes
2057 1567 2164 1638 prae-

449 1677 622 1767 dicarent,
660 1678 691 1749 id
722 1678 812 1772 quod
839 1701 886 1749 en
915 1678 1023 1749 altera
1051 1678 1238 1770 fragmenti
1267 1678 1413 1752 Parisioi
1441 1679 1599 1750 columna
1628 1679 1750 1754 elucet.
1814 1675 2165 1776 Niggemayerusffl)

448 1837 525 1886 cum
554 1817 619 1888 hac
646 1818 779 1887 ratione
808 1819 925 1888 varias
953 1817 1123 1911 parthenii
1149 1815 1367 1890 definitiones
1395 1819 1522 1912 optime
1551 1815 1798 1911 comprehendi
1835 1818 2087 1906 intellexisset,
2123 1843 2166 1891 eo

449 1955 579 2026 rettulit
606 1954 713 2026 schol.
741 1955 850 2026 Arist.
878 1955 944 2026 Av.
974 1955 1049 2026 918
1083 1955 1283 2051 παρθενεῖα·
1321 1956 1391 2026 ἔστι
1418 1952 1520 2026 δὲτὰ
1548 1952 1597 2032 εἰς
1623 1953 1812 2050 παρθένους
1837 1953 2002 2051 ᾀδόμενα,
2036 1961 2167 2030 reiecta

450 2091 536 2163 sutili
563 2091 621 2162 illa
649 2095 950 2184 grammaticorum
979 2095 1141 2187 opinione
1158 2087 1206 2182 ¹¹)
1242 2115 1306 2186 qua
1333 2091 1497 2189 παρθένια
1524 2094 1593 2164 sint
1622 2095 1774 2163 carmina
1803 2115 1821 2161 o
1850 2093 1964 2166 choris
1993 2098 2166 2187 virginum

450 2237 606 2318 cantata,
639 2230 824 2326 παρθενεῐα
856 2233 890 2300 in
920 2233 1076 2320 virgines
1105 2233 1233 2325 scripio
1262 2229 1329 2324 (ci.
1358 2254 1461 2325 supra
1490 2231 1567 2302 adn.
1597 2231 1653 2320 8).
1715 2228 1825 2301 Etiam
1865 2231 2040 2303 aProclo
2078 2233 2168 2304 hanc
2219 2217 2225 2228 ’

450 2365 619 2462 duplicem
647 2367 903 2463 partheniorum
924 2377 1079 2439 naturam
1100 2368 1272 2438 declarari
1300 2369 1410 2440 voluit
1435 2368 1488 2440 his
1508 2367 1655 2439 verbis:
1682 2365 1733 2445 εἰς
1759 2364 1861 2444 θεοὺς
1887 2363 1924 2436 δὲ
1951 2367 2004 2438 καὶ
2031 2370 2170 2467 ἀνθρώ-

448 2527 533 2584 πους
557 2504 728 2602 παρθένια.
783 2505 852 2578 Sed
879 2507 992 2578 Procli
1021 2505 1172 2577 delinitio
1201 2527 1270 2576 non
1299 2516 1415 2601 potest
1441 2529 1461 2576 a
1490 2514 1560 2577 tota
1588 2505 1729 2577 eiusde
1754 2505 1868 2599 lyrico
1893 2509 2168 2604 generedispu-

450 2647 579 2715 tatione
607 2649 800 2736 segregari.

554 2781 586 2854 ls
615 2785 723 2864 enim,
761 2785 838 2853 sive
865 2781 1005 2876 Didymi
1032 2779 1108 2878 περὶ
1137 2782 1279 2879 λυρικῶν
1310 2793 1456 2878 ποιητῶν
1495 2784 1570 2854 sive
1609 2781 1695 2853 alius
1728 2784 1877 2852 auctoris
1913 2779 1989 2879 περὶ
2021 2795 2167 2880 ποιητῶν

451 2919 574 2990 librum
592 2913 641 3012 ¹²)
670 2921 889 3015 corripilavit,
918 2923 993 2992 sine
1022 2919 1124 2991 duhio
1152 2922 1398 3011 grammaticos
1425 2919 1684 2992 Alexandrinos
1714 2928 1852 2992 secutus
1880 2928 1942 2993 cst.
2015 2920 2166 3005 Quorum

452 3056 609 3128 doctrina
637 3059 700 3128 atsi
728 3061 899 3131 nescimus
927 3058 1038 3152 qualis
1066 3058 1191 3147 luerit,
1220 3067 1334 3128 tamen
1363 3059 1419 3151 qui
1446 3078 1610 3129 summam
1640 3059 1714 3128 eius
1741 3058 1775 3126 in
1807 3057 1920 3128 Procli
1948 3058 2168 3131 chrestoma-

450 3195 517 3266 thia
546 3197 768 3287 grammatica
796 3197 907 3267 latere
930 3200 1158 3286 concesserit,
1187 3199 1388 3290 tripartitam
1413 3194 1557 3266 melicae
1576 3197 1692 3288 poesis
1718 3193 1924 3266 divisionem
1945 3196 2168 3268 Alexandri-

426 3337 502 3406 nis
525 3337 756 3426 grammaticis
775 3335 947 3430 placuisse
967 3335 1158 3426 intelleget.
1213 3333 1424 3406 Distinxissc
1445 3337 1536 3404 enim
1565 3333 1613 3403 illi
1648 3333 1809 3404 videntur
1836 3337 1989 3404 carmina
2017 3336 2050 3405 in
2083 3335 2168 3408 deos

554 3715 574 3776 ⁹)
592 3711 740 3762 Tractarunt
757 3711 801 3762 has
819 3710 937 3777 reliquias
955 3718 1011 3777 pust
1026 3708 1150 3776 aggerum
1169 3707 1355 3775 Berghiurnque
1373 3707 1492 3768 Blassius,
1512 3723 1574 3757 mus.
1594 3706 1672 3757 Rhcn.
1694 3705 1781 3769 1111111,
1801 3708 1851 3757 545
1865 3723 1928 3774 sqq,
1947 3704 2022 3769 xxv,
2040 3707 2089 3757 177
2104 3723 2168 3774 sqq,

450 3797 586 3850 Ahreusius
605 3797 692 3848 Philol.
710 3796 808 3862 xxvtt,
827 3796 876 3848 241
897 3812 968 3864 sqq,
994 3797 1045 3846 577
1065 3811 1130 3863 sqq,
1158 3791 1280 3844 Christius
1298 3793 1331 3844 ib.
1350 3793 1445 3856 lllllll,
1464 3792 1513 3843 211
1534 3809 1598 3860 sqq,
1631 3791 1764 3856 Caninius,
1784 3792 1919 3860 fragments
1937 3794 1970 3844 du
1989 3794 2125 3860 parthemio
2143 3792 2167 3843 d'

450 3884 555 3936 Alcman
573 3899 637 3950 pour
654 3884 678 3936 le
697 3884 747 3935 lete
767 3883 810 3934 des
829 3883 972 3945 Dioscures,
991 3880 1059 3932 Puris
1081 3883 1155 3932 1870.
1192 3879 1302 3942 Quorum
1321 3879 1381 3930 mihi
1400 3879 1510 3930 virorum
1529 3879 1659 3930 doctorum
1673 3879 1811 3930 llhrensius
1830 3878 1962 3944 plurimum
1981 3880 2012 3930 ad
2032 3882 2167 3932 restituen-

451 3971 509 4022 dum
537 3986 637 4020 carnion
666 3967 803 4020 contulisse
832 3969 945 4032 videtur,
979 3969 1045 4036 quod
1073 3969 1097 4019 in
1132 3967 1244 4034 strophas
1272 3965 1425 4018 distributum
1455 3966 1530 4017 luisse
1558 3965 1688 4017 intellexit.
1734 3965 1800 4028 Quot
1828 3982 1944 4017 versuum
1972 3966 2019 4018 hae
2048 3966 2166 4033 strophae

451 4058 553 4120 luerint,
572 4065 718 4125 quaternum
737 4055 828 4106 denum
846 4064 874 4106 ut
891 4056 1029 4107 dhrensius
1047 4055 1128 4107 voluit
1145 4071 1176 4105 an
1195 4054 1312 4121 plurium,
1331 4069 1397 4104 nunc
1417 4069 1466 4104 non
1485 4055 1635 4122 quaerimus.

557 4161 592 4226 1ο)
609 4159 647 4210 De
662 4159 783 4211 Alcmana
800 4169 874 4226 poeta
891 4159 1013 4212 Laconico
1031 4159 1187 4225 (hionasterii
1206 4160 1287 4224 1869)
1305 4174 1329 4224 p.
1345 4159 1379 4209 dd
1396 4175 1433 4226 sq.
1470 4157 1556 4226 ltaque
1574 4174 1623 4208 non
1643 4173 1743 4225 prorsus
1760 4166 1877 4208 accurate
1895 4155 1927 4208 de
1946 4156 2081 4222 partheniis
2098 4157 2168 4207 iudi-

450 4249 520 4300 carit
542 4245 628 4298 Odoir.
653 4245 800 4310 Muellerus,
827 4247 884 4297 hist.
908 4245 955 4297 litt.
980 4246 1066 4298 Graec.
1086 4246 1118 4310 1²,
1145 4263 1169 4313 p.
1188 4247 1255 4308 352,
1282 4245 1399 4295 nimirum
1426 4245 1467 4294 cui
1494 4243 1613 4312 reliquiae
1637 4244 1766 4296 Parisinus
1792 4245 1918 4295 etiamtum
1948 4244 2049 4310 ignotae
2076 4251 2167 4294 essunt.

450 4333 647 4403 Niggemeycrus
665 4342 747 4386 autem
766 4350 797 4386 eo
816 4333 918 4396 erravit,
936 4332 1003 4401 quod
1021 4349 1046 4400 p.
1065 4333 1095 4384 11
1116 4334 1196 4400 ipsum
1215 4340 1313 4400 poetam
1334 4339 1360 4381 ut
1378 4331 1512 4399 choragum
1532 4331 1642 4399 virgines
1662 4332 1722 4383 iacit
1739 4329 1917 4399 alloquentem.
1952 4328 1990 4380 Cf.
2010 4328 2062 4380 lud.
2082 4329 2167 4397 philol.

451 4421 531 4490 suppl.
550 4420 592 4484 IV,
611 4437 634 4488 p.
656 4422 696 4472 18.

557 4530 588 4593 ¹¹)
608 4524 646 4579 cl.
666 4525 920 4594 Schweighaeuserus
939 4523 970 4575 ad
989 4523 1079 4575 Athen.
1098 4520 1164 4586 xlv,
1182 4538 1206 4589 p.
1224 4521 1273 4574 631
1296 4521 1317 4571 l)
1337 4521 1404 4591 (vol.
1421 4519 1472 4586 Vll,
1497 4536 1521 4587 p.
1541 4521 1614 4586 tlt).

557 4633 585 4697 ¹²)
605 4630 653 4693 Qui
671 4632 719 4682 viri
737 4631 804 4682 docti
822 4630 887 4697 apud
905 4637 1003 4681 veteres
1021 4626 1076 4702 πιρὶ
1094 4639 1200 4696 ποιητῶν
1223 4627 1382 4692 scripserint,
1406 4624 1484 4676 llaur.
1502 4622 1668 4687 Schmidt-ius,
1693 4623 1794 4689 Didymi
1812 4624 1891 4676 chalc.
1910 4627 1998 4692 fragm.
2017 4640 2041 4691 p.
2060 4625 2111 4676 386
2129 4641 2168 4691 sq.

451 4720 571 4786 exposuit.
607 4718 711 4784 Didymi
729 4717 793 4768 liber
810 4716 865 4791 πιρ1
883 4716 985 4791 λυρικῶν
1003 4726 1118 4786 ποιητῶν,
1138 4713 1203 4764 unda
1222 4711 1360 4780 elegorum,
1379 4711 1539 4776 hymnorum,
1557 4709 1729 4777 prosodiorum
1745 4709 1902 4762 definitiones
1915 4709 1956 4762 val
1970 4711 2035 4777 apud
2049 4709 2166 4762 Orionem

451 4805 593 4856 Thebanum
621 4804 661 4857 vel
688 4807 714 4856 iu
741 4802 914 4871 Etymologico
940 4800 1031 4870 hicque
1054 4801 1183 4866 desumpta
1210 4807 1285 4861 sunt,
1312 4799 1411 4864 saepius
1437 4797 1528 4849 diserte
1554 4795 1677 4849 laudatur.
1719 4795 1820 4848 Procius
1844 4797 1887 4865 qui
1912 4795 1944 4847 dc
1969 4796 2007 4848 hia
2032 4797 2166 4864 generibus

451 4891 539 4944 eadem
558 4892 611 4942 lere
629 4890 706 4943 verba
725 4890 825 4943 exhibet
842 4907 872 4940 ex
891 4889 979 4941 eodem
997 4888 1066 4939 lonte
1084 4886 1195 4939 hortulos
1213 4902 1272 4937 suos
1291 4885 1409 4954 irrigasse
1430 4885 1534 4936 videtur.
