5234 6602
1205 775 1428 846 ..7-

453 995 589 1058 cantata
626 985 669 1056 ab
703 987 746 1057 iis
783 983 905 1078 quibus
941 983 1097 1055 homines
1137 990 1262 1078 poetae
1299 980 1564 1075 praedicarent.
1607 981 1658 1054 bis
1699 985 1846 1055 accessit
1886 981 2021 1052 tertium
2062 1001 2173 1072 genus

454 1147 575 1197 eorum
629 1120 751 1218 quibus
797 1131 831 1193 et
872 1121 1014 1192 deorum
1058 1130 1092 1192 et
1131 1119 1303 1190 bominum
1348 1119 1467 1190 laudes
1509 1119 1773 1191 celebrarentur
1793 1112 1852 1208 ¹³).
1925 1121 2041 1213 Atque
2095 1139 2172 1188 eam

425 1275 427 1282 “
455 1263 721 1358 descriptionem
746 1283 789 1331 ne
810 1260 955 1332 Proclus
975 1259 1111 1354 quidem
1132 1268 1328 1354 spreverat,
1357 1280 1561 1353 quamquam
1581 1257 1668 1353 apud
1688 1257 1842 1329 Photium
1862 1257 1920 1329 ubi
1948 1260 2012 1329 tria
2039 1277 2173 1349 genera

455 1401 575 1470 mebca
603 1398 798 1470 indicantur
826 1419 894 1470 non
922 1397 1033 1470 solum
1063 1407 1217 1492 quartum
1248 1399 1458 1470 immiscetur
1493 1395 1555 1468 sed
1588 1399 1689 1466 etiam
1726 1398 1858 1467 tertium
1887 1395 1979 1488 quod
2006 1394 2049 1466 ab
2078 1397 2173 1465 initio

454 1539 599 1630 positum
653 1546 729 1607 erat
779 1546 898 1631 postea
970 1535 1128 1606 melicum
1179 1557 1257 1606 esse
1303 1544 1461 1626 negatur.
1545 1535 1598 1605 En
1646 1533 1753 1606 babes
1803 1533 1924 1604 tradita
1966 1532 2076 1605 verba
2096 1526 2174 1623 14);

452 1671 528 1771 περὶ
554 1671 590 1744 δὲ
618 1673 754 1770 μελικης
789 1672 956 1769 ποιήσεώς
985 1697 1084 1768 φησιν
1121 1674 1167 1750 ὡς
1193 1673 1466 1769 πολυμερεστάτη
1500 1696 1539 1741 τε
1574 1670 1627 1742 καὶ
1664 1670 1839 1768 διαφόρους
1869 1672 1941 1766 ἔχει
1967 1673 2077 1766 τομάς.
2124 1667 2175 1740 Ἃ

452 1806 512 1904 μὲν
539 1808 601 1906 γὰρ
630 1810 734 1908 αδτης
760 1808 950 1905 μεμέρισται
976 1809 1086 1898 θεοῖς,
1123 1807 1144 1878 θ
1171 1807 1206 1880 δὲ
1231 1809 1438 1904 ἀνθρώποις,
1465 1807 1487 1878 θ
1513 1807 1549 1878 δὲ
1584 1809 1632 1888 εἰς
1667 1809 1930 1906 προςπιπτοδσας
1959 1809 2174 1906 περιστάσεις

454 1944 528 2018 Καὶ
554 1947 611 2026 εἰς
637 1945 756 2026 θεοὺς
784 1947 844 2042 μὲν
872 1947 1096 2044 ἀναφέρεσθαι
1123 1945 1238 2040 ὕμνον,
1261 1943 1447 2042 προσόδιον,
1475 1960 1608 2036 παιᾶνα,
1627 1945 1838 2044 διθύραμβον,
1866 1947 1978 2043 νόμον,
2007 1945 2173 2036 ἀδωνίδια,

453 2079 627 2179 ἰόβακχον,
665 2086 893 2182 ὑπορχήματα.
948 2083 1018 2162 Εἰς
1052 2079 1092 2152 δὲ
1130 2084 1362 2179 ἀνθρώπους
1398 2085 1558 2180 ἐγκώμια,
1594 2086 1726 2173 σκολιά,
1768 2084 1927 2180 ἐρωτικοί,
1956 2083 2173 2180 ἐπιθαλάρια,

339 2309 340 2314 ¹
396 2203 399 2210 ¹
451 2221 640 2316 ὑμεναίους,
669 2223 821 2310 σίλλους,
857 2222 1018 2322 θρήνους,
1056 2219 1242 2319 ἐπικήδεια·
1278 2221 1337 2298 εἰς
1373 2220 1490 2301 θεοὺς
1523 2221 1562 2294 δὲ
1602 2222 1664 2292 καὶ
1705 2223 1939 2319 ἀνθρώπους
1976 2221 2174 2317 παρθενεῖα,

450 2355 689 2456 δαφνηφορικά,
719 2357 1031 2457 (τριποδηφορικά),
1059 2360 1270 2456 ὀσχοιρορικά,
1299 2359 1447 2430 educturi·
1474 2373 1579 2431 ταῦτα
1606 2361 1670 2458 γὰρ
1702 2361 1749 2439 εἰς
1764 2357 1877 2436 ,θεοὺς
1903 2356 2096 2456 γραφόμενα
2121 2357 2176 2429 καὶ

453 2497 638 2592 ἀνθρώπων
673 2497 885 2595 περιειληιρεν
922 2497 1085 2574 ἐπαινοδς.
1140 2495 1191 2566 Τὰ
1225 2495 1261 2568 δὲ
1297 2496 1354 2575 εἰς
1386 2496 1454 2576 τὰς
1488 2500 1805 2594 προςπιπτοὺσας
1841 2499 2087 2596 περιστάσεις
2114 2497 2175 2568 aba

453 2633 521 2704 ἔστι
550 2635 608 2730 μὲν
637 2634 708 2732 εἴδη
735 2647 797 2732 τῆς
825 2636 979 2732 ρελικης,
1018 2635 1075 2703 ὑπ’
1103 2635 1211 2706 αὐτῶν
1239 2633 1275 2704 δὲ
1301 2649 1368 2705 τῶν
1396 2649 1542 2734 ποιητῶν
1573 2636 1822 2733 ἐπικεχείρηται.
1877 2635 2013 2708 Τοθτων
2041 2633 2077 2704 δέ
2106 2634 2175 2704 ἐστι

451 2774 671 2868 πραγματικά,
700 2774 868 2869 ἐμπορικά,
898 2773 1111 2862 ἀποστολικά,
1138 2774 1380 2870 γνωρολοηικά,
1407 2774 1581 2871 γεωργικά,
1610 2773 1829 2845 ἐπισταλτικά.

562 2909 661 2980 Hanc
688 2912 879 3001 argumenti
909 2910 1172 3005 discrepantiam
1201 2905 1470 3004 Waltberus¹⁵)
1499 2916 1545 2983 ita
1574 2907 1753 3007 explicare
1781 2915 1908 3004 voluit,
1941 2924 1977 2986 ut
2012 2915 2172 2988 Proclum

360 3059 364 3072 ·
455 3047 735 3138 agrammaticis
762 3046 1012 3118 Alexandrinis
1040 3048 1226 3143 paullulum
1254 3070 1297 3118 ec
1325 3051 1517 3122 recessisse
1552 3059 1720 3122 statueret
1755 3051 1845 3145 quod
1882 3073 2001 3125 eorum
2038 3058 2172 3127 tertium

455 3206 569 3276 genus
597 3188 887 3279 praetermisisset
915 3185 974 3257 vel
1003 3189 1114 3281 potius
1144 3195 1179 3256 ut
1206 3209 1253 3257 ex
1281 3185 1413 3258 duobus
1441 3186 1612 3282 prioribus
1646 3199 1843 3261 concretum
1877 3190 1997 3263 iisdem
2026 3197 2176 3284 generi-

455 3321 518 3394 bus
560 3324 657 3416 quasi
698 3321 970 3394 subdivisionem
1013 3323 1179 3416 quandam
1218 3323 1452 3397 subiunxisset
1467 3318 1526 3415 16).
1582 3325 1683 3412 Quod
1723 3349 1784 3397 cur
1821 3328 1975 3419 iecisset,
2012 3329 2172 3401 Proclum

456 3458 628 3555 probabili
671 3461 804 3530 ratione
834 3459 1081 3549 confirmasse,
1120 3463 1364 3556 epitomatores
1405 3485 1493 3536 vero
1527 3473 1562 3535 ut
1598 3486 1672 3537 mos
1714 3475 1808 3537 esset
1838 3469 1873 3538 in
1912 3466 2097 3540 breviariis
2134 3473 2177 3542 iis

457 3597 623 3670 addendis
667 3596 925 3693 supersedisse,
968 3619 1046 3691 ⁴qua
1092 3620 1132 3668 re
1176 3599 1306 3671 iontem
1346 3605 1478 3672 erroris
1528 3623 1569 3672 ac
1609 3602 1833 3677 dissensionis
1878 3628 1958 3679 esse
2008 3618 2175 3704 apertum.

456 3736 506 3808 lta
535 3746 630 3806 certe
659 3735 798 3806 Photius
826 3735 886 3806 vel
914 3737 941 3808 si
971 3739 1046 3829 quis
1078 3746 1156 3807 ante
1195 3760 1270 3809 eum
1308 3738 1608 3810 chrestcmatbiam
1639 3739 1852 3812 Proclianam
1887 3749 2064 3840 excerpsit
2099 3769 2174 3817 rem

459 3967 659 3974 -α--ῼ-
663 3966 768 3974 --ιι

563 4099 592 4164 ’3)
611 4096 766 4167 Quamquam
786 4100 846 4151 baec
865 4099 956 4151 divisio
975 4100 1006 4152 ad
1027 4102 1168 4154 universam
1186 4103 1272 4168 poesin
1292 4101 1395 4168 lyricam
1414 4103 1560 4170 pertinebat.
1597 4105 1625 4156 ln
1646 4106 1751 4175 singulis
1770 4110 1965 4178 uniuscuiusque
1983 4119 2071 4178 poetae
2089 4113 2175 4178 operi-

457 4183 503 4235 bns
522 4185 667 4237 ordinandis
685 4195 783 4238 veteres
801 4187 881 4238 critici
899 4189 1039 4239 accuratius
1057 4197 1163 4256 egerunt
1180 4197 1206 4240 et
1223 4189 1302 4240 tribus
1321 4189 1369 4240 illis
1388 4189 1508 4242 elassibus
1527 4190 1603 4241 multa
1620 4209 1714 4260 genera
1733 4195 1982 4262 comprehenderunt.
2020 4195 2074 4258 Qua
2092 4208 2174 4251 eutem

458 4273 556 4323 ratione
573 4271 614 4323 vel
633 4271 746 4338 Sapphus
765 4273 805 4323 vel
824 4273 911 4324 Alcaei
930 4274 970 4325 vel
989 4274 1093 4326 aliorum
1111 4284 1241 4342 poetarum
1259 4277 1370 4328 camnine
1390 4285 1433 4327 eut
1456 4278 1594 4328 secuudum
1618 4281 1759 4346 argumenti
1778 4281 1946 4334 diversitatem
1971 4293 2014 4334 aut
2037 4285 2174 4336 secuudum

459 4367 593 4410 metrorum
612 4360 721 4425 speciem
739 4359 878 4424 diviserint,
897 4359 944 4411 boc
963 4361 1019 4412 loco
1037 4378 1162 4428 exponere
1180 4362 1283 4430 longum
1301 4370 1347 4413 ast.

564 4463 594 4530 ¹⁴)
612 4461 682 4513 l’bot.
701 4461 760 4513 bibl.
780 4462 820 4513 ed.
838 4461 947 4514 Belrlrer.
966 4480 990 4530 p.
1009 4465 1060 4515 319
1078 4482 1142 4533 sqq,
1161 4467 1293 4532 scriptores
1312 4467 1407 4517 metrici
1426 4467 1468 4518 Gr.
1487 4467 1526 4519 ed.
1548 4467 1682 4536 Wastpbal.
1701 4471 1723 4534 1,
1742 4487 1765 4538 p.
1785 4473 1836 4524 243
1855 4489 1908 4542 sqq.

566 4566 597 4632 1ὅ)
615 4565 652 4616 De
670 4565 780 4618 Graecae
797 4567 879 4632 poesis
898 4566 1002 4618 melicae
1020 4569 1153 4636 generibus
1172 4569 1253 4636 (llalis
1272 4569 1328 4620 Sar.
1351 4569 1433 4636 1866)
1451 4586 1476 4637 p.
1498 4571 1528 4622 ts
1548 4589 1601 4641 sqq.

566 4669 596 4737 ¹⁶)
615 4669 695 4722 Etiam
713 4667 813 4721 Pindari
832 4671 941 4722 carmina
960 4672 1084 4739 quondam
1104 4674 1225 4740 tripartito
1242 4674 1323 4725 divisa
1342 4674 1418 4725 luisse
1437 4673 1578 4727 Waltberus
1599 4680 1748 4744 suspicatur,
1767 4680 1811 4732 sed
1830 4697 1879 4748 qno
1897 4683 1951 4732 iure
1968 4681 2070 4734 altemm
2089 4698 2175 4734 eorum

460 4755 633 4806 recensionem
651 4755 826 4822 simpliciorem
844 4765 912 4808 recte
930 4773 944 4808 a
964 4757 1090 4809 lioeclrbic
1109 4759 1269 4826 Aristophani
1286 4760 1360 4812 tribui
1379 4770 1471 4829 neget,
1489 4761 1590 4814 alteram
1609 4765 1762 4817 subtiliorem
1782 4767 1940 4832 Aristarcho,
1962 4767 2069 4820 dubitari
2087 4777 2175 4836 potest.

460 4840 498 4892 Cl.
518 4840 659 4892 Boeckbius
678 4841 710 4892 ad
730 4841 799 4894 Pind.
818 4844 897 4908 praei.
916 4859 940 4910 p.
960 4843 982 4894 Χ
999 4861 1064 4912 sqq,
1082 4845 1113 4896 ad
1134 4846 1222 4914 lragm.
1241 4863 1263 4913 p.
1282 4848 1333 4900 553
1351 4865 1405 4917 sqq.
1444 4849 1547 4918 Singula
1567 4867 1628 4903 vero
1645 4868 1739 4918 genera
1762 4869 1836 4922 quam
1855 4870 1904 4907 non
1923 4857 1996 4907 certis
2015 4855 2104 4908 fluibus
2123 4858 2177 4908 eir·

458 4929 607 4994 cumscripta
631 4929 696 4991 sint,
720 4929 835 4995 probavit
852 4929 926 4996 beap.
946 4929 1111 4994 Schmidnus,
1130 4932 1161 4984 de
1180 4932 1280 4986 Pindari
1305 4936 1356 4985 vita
1381 4943 1407 4986 et
1430 4951 1507 4988 carm.
1527 4936 1642 5002 (Βυοοοε
1662 4939 1743 5006 1862)
1761 4956 1785 5007 p.
1804 4941 1856 4992 216
1874 4951 1899 4992 et
1917 4943 1984 5006 213,
2009 4958 2071 4995 mas.
2096 4942 2175 4995 llben.

458 5013 548 5079 xtuli,
566 5030 590 5081 p.
610 5016 669 5066 290.
