<?xml version="1.0" encoding="UTF-8"?>
<!DOCTYPE html PUBLIC "-//W3C//DTD XHTML 1.0 Transitional//EN"
    "http://www.w3.org/TR/xhtml1/DTD/xhtml1-transitional.dtd">
<html xmlns="http://www.w3.org/1999/xhtml" xml:lang="en" lang="en">
 <head>
  <title>
</title>
<meta http-equiv="Content-Type" content="text/html;charset=utf-8" />
  <meta name='ocr-system' content='tesseract 3.04.00' />
  <meta name='ocr-capabilities' content='ocr_page ocr_carea ocr_par ocr_line ocrx_word'/>
</head>
<body>
  <div class='ocr_page' id='page_1' title='image "./defragmentoquod00clemgoog_0022.png"; bbox 0 0 5234 6602; ppageno 0'>
   <div class='ocr_carea' id='block_1_1' title="bbox 1099 721 1350 793">
    <p class='ocr_par' dir='ltr' id='par_1_1' title="bbox 1099 721 1350 793">
     <span class='ocr_line' id='line_1_1' title="bbox 1099 721 1350 793; baseline -0.02 -18"><span class='ocrx_word' id='word_1_1' title='bbox 1099 721 1350 793; x_wconf 75' lang='lat'><strong>...17..</strong></span> 
     </span>
    </p>
   </div>
   <div class='ocr_carea' id='block_1_2' title="bbox 328 924 2129 2275">
    <p class='ocr_par' dir='ltr' id='par_1_2' title="bbox 328 924 2084 1996">
     <span class='ocr_line' id='line_1_2' title="bbox 328 924 2078 1023; baseline 0.001 -28"><span class='ocrx_word' id='word_1_2' title='bbox 328 957 330 962; x_wconf 96' lang='lat'>·</span> <span class='ocrx_word' id='word_1_3' title='bbox 370 947 435 996; x_wconf 93' lang='lat' dir='ltr'><strong>nec</strong></span> <span class='ocrx_word' id='word_1_4' title='bbox 463 930 652 1022; x_wconf 74' lang='lat' dir='ltr'><strong>scriptores</strong></span> <span class='ocrx_word' id='word_1_5' title='bbox 680 929 844 1023; x_wconf 80' lang='lat' dir='ltr'><strong>reliquias</strong></span> <span class='ocrx_word' id='word_1_6' title='bbox 872 929 1042 1023; x_wconf 83' lang='lat' dir='ltr'><strong>praebere</strong></span> <span class='ocrx_word' id='word_1_7' title='bbox 1072 930 1288 1015; x_wconf 64' lang='lat' dir='ltr'><strong>viderentur,</strong></span> <span class='ocrx_word' id='word_1_8' title='bbox 1318 950 1400 999; x_wconf 89' lang='lat' dir='ltr'><strong>ecce</strong></span> <span class='ocrx_word' id='word_1_9' title='bbox 1430 925 1528 996; x_wconf 92' lang='lat' dir='ltr'><strong>nobis</strong></span> <span class='ocrx_word' id='word_1_10' title='bbox 1557 925 1701 996; x_wconf 82' lang='lat' dir='ltr'><strong>Alcman</strong></span> <span class='ocrx_word' id='word_1_11' title='bbox 1730 945 1857 996; x_wconf 89' lang='lat' dir='ltr'><strong>novum</strong></span> <span class='ocrx_word' id='word_1_12' title='bbox 1887 924 2078 1021; x_wconf 90' lang='lat' dir='ltr'><strong>suppeditat</strong></span> 
     </span>
     <span class='ocr_line' id='line_1_3' title="bbox 372 1051 2082 1161; baseline 0.002 -28"><span class='ocrx_word' id='word_1_13' title='bbox 372 1063 541 1136; x_wconf 91' lang='lat' dir='ltr'><strong>indicium.</strong></span> <span class='ocrx_word' id='word_1_14' title='bbox 598 1063 706 1150; x_wconf 87' lang='lat' dir='ltr'><strong>Quem</strong></span> <span class='ocrx_word' id='word_1_15' title='bbox 736 1071 764 1138; x_wconf 91' lang='lat' dir='ltr'><strong>si</strong></span> <span class='ocrx_word' id='word_1_16' title='bbox 782 1051 867 1161; x_wconf 77' lang='lat' dir='ltr'><strong>¹quis</strong></span> <span class='ocrx_word' id='word_1_17' title='bbox 901 1076 1014 1137; x_wconf 86' lang='lat' dir='ltr'><strong>tamen</strong></span> <span class='ocrx_word' id='word_1_18' title='bbox 1043 1067 1097 1136; x_wconf 83' lang='grc' dir='ltr'><strong>κέν</strong></span> <span class='ocrx_word' id='word_1_19' title='bbox 1136 1067 1280 1138; x_wconf 84' lang='lat' dir='ltr'><strong>formam</strong></span> <span class='ocrx_word' id='word_1_20' title='bbox 1318 1064 1525 1159; x_wconf 92' lang='lat' dir='ltr'><strong>praetulisse</strong></span> <span class='ocrx_word' id='word_1_21' title='bbox 1560 1087 1579 1134; x_wconf 90' lang='lat' dir='ltr'><strong>e</strong></span> <span class='ocrx_word' id='word_1_22' title='bbox 1609 1065 1764 1134; x_wconf 90' lang='lat' dir='ltr'><strong>codicum</strong></span> <span class='ocrx_word' id='word_1_23' title='bbox 1800 1066 1968 1158; x_wconf 91' lang='lat' dir='ltr'><strong>scriptura</strong></span> <span class='ocrx_word' id='word_1_24' title='bbox 1995 1066 2082 1136; x_wconf 83' lang='lat' dir='ltr'><strong>velit</strong></span> 
     </span>
     <span class='ocr_line' id='line_1_4' title="bbox 371 1201 2081 1297; baseline 0.001 -24"><span class='ocrx_word' id='word_1_25' title='bbox 371 1204 563 1295; x_wconf 62' lang='lat' dir='ltr'><strong>colligere.</strong></span> <span class='ocrx_word' id='word_1_26' title='bbox 623 1209 650 1276; x_wconf 92' lang='lat' dir='ltr'><strong>is</strong></span> <span class='ocrx_word' id='word_1_27' title='bbox 700 1228 776 1275; x_wconf 89' lang='lat' dir='ltr'><strong>eam</strong></span> <span class='ocrx_word' id='word_1_28' title='bbox 828 1215 968 1277; x_wconf 90' lang='lat' dir='ltr'><strong>auctore</strong></span> <span class='ocrx_word' id='word_1_29' title='bbox 1014 1201 1250 1294; x_wconf 62' lang='lat' dir='ltr'><strong>intuemini-i)</strong></span> <span class='ocrx_word' id='word_1_30' title='bbox 1302 1208 1488 1274; x_wconf 89' lang='lat' dir='ltr'><strong>universae</strong></span> <span class='ocrx_word' id='word_1_31' title='bbox 1543 1201 1682 1273; x_wconf 83' lang='lat' dir='ltr'><strong>Aeolidi</strong></span> <span class='ocrx_word' id='word_1_32' title='bbox 1743 1206 1917 1297; x_wconf 77' lang='lat' dir='ltr'><strong>propriam</strong></span> <span class='ocrx_word' id='word_1_33' title='bbox 1974 1203 2081 1278; x_wconf 87' lang='lat' dir='ltr'><strong>luisse</strong></span> 
     </span>
     <span class='ocr_line' id='line_1_5' title="bbox 372 1339 2080 1441; baseline -0.002 -27"><span class='ocrx_word' id='word_1_34' title='bbox 372 1352 508 1432; x_wconf 78' lang='lat' dir='ltr'><strong>statuat,</strong></span> <span class='ocrx_word' id='word_1_35' title='bbox 536 1343 597 1416; x_wconf 88' lang='lat' dir='ltr'><strong>sed</strong></span> <span class='ocrx_word' id='word_1_36' title='bbox 627 1344 722 1414; x_wconf 92' lang='lat' dir='ltr'><strong>titulo</strong></span> <span class='ocrx_word' id='word_1_37' title='bbox 747 1345 917 1416; x_wconf 87' lang='lat' dir='ltr'><strong>Arcadico</strong></span> <span class='ocrx_word' id='word_1_38' title='bbox 948 1356 1088 1441; x_wconf 87' lang='lat' dir='ltr'><strong>reperto</strong></span> <span class='ocrx_word' id='word_1_39' title='bbox 1118 1349 1235 1418; x_wconf 91' lang='lat' dir='ltr'><strong>nescio</strong></span> <span class='ocrx_word' id='word_1_40' title='bbox 1265 1367 1307 1414; x_wconf 89' lang='lat' dir='ltr'><strong>an</strong></span> <span class='ocrx_word' id='word_1_41' title='bbox 1334 1351 1472 1438; x_wconf 87' lang='lat' dir='ltr'><strong>praeter</strong></span> <span class='ocrx_word' id='word_1_42' title='bbox 1500 1341 1537 1410; x_wconf 81' lang='grc' dir='ltr'><strong>κέ</strong></span> <span class='ocrx_word' id='word_1_43' title='bbox 1565 1343 1640 1412; x_wconf 86' lang='lat' dir='ltr'><strong>sive</strong></span> <span class='ocrx_word' id='word_1_44' title='bbox 1668 1339 1722 1411; x_wconf 80' lang='grc' dir='ltr'><strong>κέν</strong></span> <span class='ocrx_word' id='word_1_45' title='bbox 1752 1344 1853 1412; x_wconf 90' lang='lat' dir='ltr'><strong>etiam</strong></span> <span class='ocrx_word' id='word_1_46' title='bbox 1881 1343 1940 1414; x_wconf 83' lang='grc' dir='ltr'><strong>κάν</strong></span> <span class='ocrx_word' id='word_1_47' title='bbox 1970 1343 2080 1413; x_wconf 88' lang='lat' dir='ltr'><strong>eidem</strong></span> 
     </span>
     <span class='ocr_line' id='line_1_6' title="bbox 372 1480 2081 1577; baseline 0.001 -26"><span class='ocrx_word' id='word_1_48' title='bbox 372 1481 518 1553; x_wconf 89' lang='lat' dir='ltr'><strong>dialecto</strong></span> <span class='ocrx_word' id='word_1_49' title='bbox 540 1482 736 1554; x_wconf 87' lang='lat' dir='ltr'><strong>tribuamus.</strong></span> <span class='ocrx_word' id='word_1_50' title='bbox 779 1482 990 1577; x_wconf 80' lang='lat' dir='ltr'>Quamquam</span> <span class='ocrx_word' id='word_1_51' title='bbox 1013 1483 1043 1554; x_wconf 92' lang='lat' dir='ltr'><strong>id</strong></span> <span class='ocrx_word' id='word_1_52' title='bbox 1073 1485 1217 1555; x_wconf 77' lang='lat' dir='ltr'><strong>disseris</strong></span> <span class='ocrx_word' id='word_1_53' title='bbox 1247 1505 1388 1554; x_wconf 85' lang='lat' dir='ltr'><strong>monere</strong></span> <span class='ocrx_word' id='word_1_54' title='bbox 1417 1504 1461 1550; x_wconf 87' lang='lat' dir='ltr'><strong>ne</strong></span> <span class='ocrx_word' id='word_1_55' title='bbox 1490 1503 1576 1575; x_wconf 89' lang='lat' dir='ltr'><strong>opus</strong></span> <span class='ocrx_word' id='word_1_56' title='bbox 1605 1480 1741 1575; x_wconf 91' lang='lat' dir='ltr'><strong>quidem</strong></span> <span class='ocrx_word' id='word_1_57' title='bbox 1770 1491 1835 1570; x_wconf 71' lang='lat' dir='ltr'><strong>est,</strong></span> <span class='ocrx_word' id='word_1_58' title='bbox 1865 1504 1940 1552; x_wconf 86' lang='lat' dir='ltr'><strong>cunr</strong></span> <span class='ocrx_word' id='word_1_59' title='bbox 1970 1504 2081 1577; x_wconf 88' lang='lat' dir='ltr'><strong>nuper</strong></span> 
     </span>
     <span class='ocr_line' id='line_1_7' title="bbox 370 1620 2081 1716; baseline 0 -24"><span class='ocrx_word' id='word_1_60' title='bbox 370 1621 581 1694; x_wconf 89' lang='lat' dir='ltr'><strong>Benselerus</strong></span> <span class='ocrx_word' id='word_1_61' title='bbox 617 1627 810 1692; x_wconf 75' lang='lat' dir='ltr'><strong>accuratius</strong></span> <span class='ocrx_word' id='word_1_62' title='bbox 848 1621 1142 1695; x_wconf 90' lang='lat' dir='ltr'><strong>demonstraverit</strong></span> <span class='ocrx_word' id='word_1_63' title='bbox 1169 1624 1373 1693; x_wconf 86' lang='lat' dir='ltr'><strong>Alcmanom</strong></span> <span class='ocrx_word' id='word_1_64' title='bbox 1412 1621 1538 1692; x_wconf 88' lang='lat' dir='ltr'><strong>Dorica</strong></span> <span class='ocrx_word' id='word_1_65' title='bbox 1573 1624 1685 1716; x_wconf 90' lang='lat' dir='ltr'><strong>potius</strong></span> <span class='ocrx_word' id='word_1_66' title='bbox 1722 1620 1868 1692; x_wconf 92' lang='lat' dir='ltr'><strong>dialecto</strong></span> <span class='ocrx_word' id='word_1_67' title='bbox 1896 1621 2081 1692; x_wconf 87' lang='lat' dir='ltr'><strong>Aeolismis</strong></span> 
     </span>
     <span class='ocr_line' id='line_1_8' title="bbox 373 1759 2083 1855; baseline -0.001 -23"><span class='ocrx_word' id='word_1_68' title='bbox 373 1761 572 1855; x_wconf 86' lang='lat' dir='ltr'><strong>quibusdam</strong></span> <span class='ocrx_word' id='word_1_69' title='bbox 615 1763 811 1831; x_wconf 83' lang='lat' dir='ltr'><strong>intermixta</strong></span> <span class='ocrx_word' id='word_1_70' title='bbox 849 1784 927 1832; x_wconf 89' lang='lat' dir='ltr'><strong>esse</strong></span> <span class='ocrx_word' id='word_1_71' title='bbox 973 1783 1081 1832; x_wconf 90' lang='lat' dir='ltr'><strong>usum.</strong></span> <span class='ocrx_word' id='word_1_72' title='bbox 1157 1762 1321 1832; x_wconf 90' lang='lat' dir='ltr'><strong>Vocalem</strong></span> <span class='ocrx_word' id='word_1_73' title='bbox 1366 1762 1513 1855; x_wconf 91' lang='lat' dir='ltr'><strong>denique</strong></span> <span class='ocrx_word' id='word_1_74' title='bbox 1554 1760 1744 1855; x_wconf 81' lang='lat' dir='ltr'><strong>particulae</strong></span> <span class='ocrx_word' id='word_1_75' title='bbox 1785 1759 1843 1830; x_wconf 81' lang='grc' dir='ltr'><strong>κάν</strong></span> <span class='ocrx_word' id='word_1_76' title='bbox 1885 1770 2083 1854; x_wconf 87' lang='lat' dir='ltr'><strong>correptam</strong></span> 
     </span>
     <span class='ocr_line' id='line_1_9' title="bbox 373 1899 2084 1996; baseline 0.001 -26"><span class='ocrx_word' id='word_1_77' title='bbox 373 1900 494 1990; x_wconf 75' lang='lat' dir='ltr'><strong>nisse.</strong></span> <span class='ocrx_word' id='word_1_78' title='bbox 525 1923 594 1971; x_wconf 92' lang='lat' dir='ltr'><strong>uon</strong></span> <span class='ocrx_word' id='word_1_79' title='bbox 622 1899 792 1994; x_wconf 88' lang='lat' dir='ltr'><strong>estquod</strong></span> <span class='ocrx_word' id='word_1_80' title='bbox 821 1911 900 1996; x_wconf 89' lang='lat' dir='ltr'><strong>post</strong></span> <span class='ocrx_word' id='word_1_81' title='bbox 929 1901 1062 1970; x_wconf 89' lang='lat' dir='ltr'><strong>doctam</strong></span> <span class='ocrx_word' id='word_1_82' title='bbox 1094 1901 1239 1972; x_wconf 88' lang='lat' dir='ltr'><strong>Weberi</strong></span> <span class='ocrx_word' id='word_1_83' title='bbox 1268 1901 1530 1994; x_wconf 82' lang='lat' dir='ltr'><strong>disputationem</strong></span> <span class='ocrx_word' id='word_1_84' title='bbox 1567 1901 1721 1996; x_wconf 91' lang='lat' dir='ltr'><strong>pluribus</strong></span> <span class='ocrx_word' id='word_1_85' title='bbox 1750 1900 1870 1972; x_wconf 89' lang='lat' dir='ltr'><strong>verbis</strong></span> <span class='ocrx_word' id='word_1_86' title='bbox 1900 1922 2084 1996; x_wconf 86' lang='lat' dir='ltr'><strong>exponam.</strong></span> 
     </span>
    </p>

    <p class='ocr_par' dir='ltr' id='par_1_3' title="bbox 375 2017 2129 2275">
     <span class='ocr_line' id='line_1_10' title="bbox 476 2017 2129 2134; baseline 0.001 -25"><span class='ocrx_word' id='word_1_87' title='bbox 476 2039 690 2110; x_wconf 88' lang='lat' dir='ltr'><strong>Adverbium</strong></span> <span class='ocrx_word' id='word_1_88' title='bbox 721 2039 826 2115; x_wconf 79' lang='grc' dir='ltr'>ἱλάως</span> <span class='ocrx_word' id='word_1_89' title='bbox 859 2063 953 2111; x_wconf 91' lang='lat' dir='ltr'><strong>suam</strong></span> <span class='ocrx_word' id='word_1_90' title='bbox 985 2043 1141 2111; x_wconf 86' lang='lat' dir='ltr'><strong>servavit</strong></span> <span class='ocrx_word' id='word_1_91' title='bbox 1168 2044 1401 2134; x_wconf 64' lang='lat' dir='ltr'><strong>quantitatem7</strong></span> <span class='ocrx_word' id='word_1_92' title='bbox 1432 2062 1506 2110; x_wconf 87' lang='lat' dir='ltr'><strong>cour</strong></span> <span class='ocrx_word' id='word_1_93' title='bbox 1536 2040 1577 2110; x_wconf 88' lang='lat' dir='ltr'><strong>ab</strong></span> <span class='ocrx_word' id='word_1_94' title='bbox 1608 2042 1700 2110; x_wconf 93' lang='lat' dir='ltr'><strong>initio</strong></span> <span class='ocrx_word' id='word_1_95' title='bbox 1730 2039 1914 2111; x_wconf 84' lang='lat' dir='ltr'><strong>molossum</strong></span> <span class='ocrx_word' id='word_1_96' title='bbox 1945 2039 2081 2111; x_wconf 86' lang='lat' dir='ltr'><strong>alliciat.</strong></span> <span class='ocrx_word' id='word_1_97' title='bbox 2122 2017 2129 2026; x_wconf 42' lang='lat'><strong><em>¹</em></strong></span> 
     </span>
     <span class='ocr_line' id='line_1_11' title="bbox 375 2178 2083 2275; baseline 0 -25"><span class='ocrx_word' id='word_1_98' title='bbox 375 2178 443 2250; x_wconf 87' lang='lat' dir='ltr'><strong>Sed</strong></span> <span class='ocrx_word' id='word_1_99' title='bbox 472 2181 538 2248; x_wconf 88' lang='lat' dir='ltr'><strong>iam</strong></span> <span class='ocrx_word' id='word_1_100' title='bbox 567 2178 652 2272; x_wconf 83' lang='lat' dir='ltr'><strong>opud</strong></span> <span class='ocrx_word' id='word_1_101' title='bbox 682 2178 868 2249; x_wconf 89' lang='lat' dir='ltr'><strong>Homerum</strong></span> <span class='ocrx_word' id='word_1_102' title='bbox 905 2179 1004 2274; x_wconf 84' lang='lat' dir='ltr'><strong>alpha</strong></span> <span class='ocrx_word' id='word_1_103' title='bbox 1043 2182 1169 2274; x_wconf 91' lang='lat' dir='ltr'><strong>corripi</strong></span> <span class='ocrx_word' id='word_1_104' title='bbox 1205 2191 1362 2275; x_wconf 88' lang='lat' dir='ltr'><strong>coeptum</strong></span> <span class='ocrx_word' id='word_1_105' title='bbox 1401 2189 1471 2268; x_wconf 76' lang='lat' dir='ltr'><strong>est,</strong></span> <span class='ocrx_word' id='word_1_106' title='bbox 1509 2203 1527 2249; x_wconf 88' lang='lat' dir='ltr'><strong>a</strong></span> <span class='ocrx_word' id='word_1_107' title='bbox 1558 2184 1667 2275; x_wconf 89' lang='lat' dir='ltr'><strong>poetis</strong></span> <span class='ocrx_word' id='word_1_108' title='bbox 1697 2183 1840 2272; x_wconf 82' lang='lat' dir='ltr'><strong>tragicis</strong></span> <span class='ocrx_word' id='word_1_109' title='bbox 1870 2182 2007 2274; x_wconf 90' lang='lat' dir='ltr'><strong>saepius</strong></span> <span class='ocrx_word' id='word_1_110' title='bbox 2039 2183 2083 2250; x_wconf 89' lang='lat' dir='ltr'><strong>ita</strong></span> 
     </span>
    </p>
   </div>
   <div class='ocr_carea' id='block_1_3' title="bbox 373 2319 2086 2430">
    <p class='ocr_par' dir='ltr' id='par_1_4' title="bbox 373 2319 2086 2430">
     <span class='ocr_line' id='line_1_12' title="bbox 373 2319 2086 2430; baseline -0.001 -39"><span class='ocrx_word' id='word_1_111' title='bbox 373 2327 556 2414; x_wconf 87' lang='lat' dir='ltr'><strong>usurpatur</strong></span> <span class='ocrx_word' id='word_1_112' title='bbox 584 2341 682 2412; x_wconf 89' lang='lat' dir='ltr'><strong>quam</strong></span> <span class='ocrx_word' id='word_1_113' title='bbox 711 2319 922 2413; x_wconf 90' lang='lat' dir='ltr'><strong>productum.</strong></span> <span class='ocrx_word' id='word_1_114' title='bbox 978 2319 1037 2392; x_wconf 88' lang='lat' dir='ltr'><strong>Sic</strong></span> <span class='ocrx_word' id='word_1_115' title='bbox 1056 2319 1267 2413; x_wconf 87' lang='lat' dir='ltr'><strong>tetrapodiae</strong></span> <span class='ocrx_word' id='word_1_116' title='bbox 1296 2321 1435 2390; x_wconf 88' lang='lat' dir='ltr'><strong>alterius</strong></span> <span class='ocrx_word' id='word_1_117' title='bbox 1465 2343 1527 2414; x_wconf 89' lang='lat' dir='ltr'><strong>pes</strong></span> <span class='ocrx_word' id='word_1_118' title='bbox 1556 2322 1645 2430; x_wconf 66' lang='lat' dir='ltr'><strong>alter</strong></span> <span class='ocrx_word' id='word_1_119' title='bbox 1674 2320 1830 2414; x_wconf 87' lang='lat' dir='ltr'><strong>spondeo</strong></span> <span class='ocrx_word' id='word_1_120' title='bbox 1857 2320 2018 2413; x_wconf 83' lang='lat' dir='ltr'><strong>expletur</strong></span> <span class='ocrx_word' id='word_1_121' title='bbox 2053 2329 2086 2389; x_wconf 95' lang='lat' dir='ltr'><strong>ut</strong></span> 
     </span>
    </p>
   </div>
   <div class='ocr_carea' id='block_1_4' title="bbox 376 2457 2093 3684">
    <p class='ocr_par' dir='ltr' id='par_1_5' title="bbox 376 2457 2093 3684">
     <span class='ocr_line' id='line_1_13' title="bbox 376 2457 2089 2558; baseline -0.001 -29"><span class='ocrx_word' id='word_1_122' title='bbox 376 2462 409 2529; x_wconf 93' lang='lat' dir='ltr'><strong>in</strong></span> <span class='ocrx_word' id='word_1_123' title='bbox 441 2462 558 2554; x_wconf 90' lang='lat' dir='ltr'><strong>priore</strong></span> <span class='ocrx_word' id='word_1_124' title='bbox 596 2458 685 2552; x_wconf 92' lang='lat' dir='ltr'><strong>quod</strong></span> <span class='ocrx_word' id='word_1_125' title='bbox 720 2461 871 2532; x_wconf 89' lang='lat' dir='ltr'><strong>usitatius</strong></span> <span class='ocrx_word' id='word_1_126' title='bbox 900 2469 953 2530; x_wconf 90' lang='lat' dir='ltr'><strong>est</strong></span> <span class='ocrx_word' id='word_1_127' title='bbox 980 2482 1078 2553; x_wconf 85' lang='lat' dir='ltr'><strong>quam</strong></span> <span class='ocrx_word' id='word_1_128' title='bbox 1109 2463 1141 2529; x_wconf 92' lang='lat' dir='ltr'><strong>iu</strong></span> <span class='ocrx_word' id='word_1_129' title='bbox 1175 2462 1293 2554; x_wconf 90' lang='lat' dir='ltr'><strong>primis</strong></span> <span class='ocrx_word' id='word_1_130' title='bbox 1320 2459 1478 2554; x_wconf 58' lang='lat' dir='ltr'><strong>pedibus.</strong></span> <span class='ocrx_word' id='word_1_131' title='bbox 1507 2469 1690 2555; x_wconf 90' lang='lat' dir='ltr'><strong>praeterea</strong></span> <span class='ocrx_word' id='word_1_132' title='bbox 1728 2481 1854 2532; x_wconf 89' lang='lat' dir='ltr'><strong>versus</strong></span> <span class='ocrx_word' id='word_1_133' title='bbox 1888 2469 1941 2531; x_wconf 91' lang='lat' dir='ltr'><strong>est</strong></span> <span class='ocrx_word' id='word_1_134' title='bbox 1968 2457 2089 2558; x_wconf 83' lang='grc' dir='ltr'>Ἀρχι-</span> 
     </span>
     <span class='ocr_line' id='line_1_14' title="bbox 376 2593 2089 2702; baseline 0 -31"><span class='ocrx_word' id='word_1_135' title='bbox 376 2597 510 2698; x_wconf 79' lang='grc' dir='ltr'><strong>λόχειον</strong></span> <span class='ocrx_word' id='word_1_136' title='bbox 538 2609 574 2670; x_wconf 92' lang='lat' dir='ltr'><strong>nt</strong></span> <span class='ocrx_word' id='word_1_137' title='bbox 602 2601 720 2670; x_wconf 89' lang='lat' dir='ltr'><strong>tertius</strong></span> <span class='ocrx_word' id='word_1_138' title='bbox 750 2609 784 2669; x_wconf 87' lang='lat' dir='ltr'><strong>et</strong></span> <span class='ocrx_word' id='word_1_139' title='bbox 810 2609 931 2670; x_wconf 87' lang='lat' dir='ltr'><strong>sextus</strong></span> <span class='ocrx_word' id='word_1_140' title='bbox 959 2600 1117 2670; x_wconf 87' lang='lat' dir='ltr'><strong>editionis</strong></span> <span class='ocrx_word' id='word_1_141' title='bbox 1145 2599 1382 2691; x_wconf 70' lang='lat' dir='ltr'><strong>sseignimae,</strong></span> <span class='ocrx_word' id='word_1_142' title='bbox 1413 2603 1520 2670; x_wconf 90' lang='lat' dir='ltr'><strong>ceteri</strong></span> <span class='ocrx_word' id='word_1_143' title='bbox 1548 2598 1615 2670; x_wconf 84' lang='grc' dir='ltr'>κατ’</span> <span class='ocrx_word' id='word_1_144' title='bbox 1645 2601 1764 2702; x_wconf 75' lang='grc' dir='ltr'><strong>ἐξοχήν</strong></span> <span class='ocrx_word' id='word_1_145' title='bbox 1793 2593 2089 2690; x_wconf 79' lang='lat' dir='ltr'><strong>Altinanicnm49)</strong></span> 
     </span>
     <span class='ocr_line' id='line_1_15' title="bbox 377 2738 2087 2836; baseline -0.001 -25"><span class='ocrx_word' id='word_1_146' title='bbox 377 2740 504 2812; x_wconf 88' lang='lat' dir='ltr'><strong>liabent</strong></span> <span class='ocrx_word' id='word_1_147' title='bbox 523 2743 662 2810; x_wconf 78' lang='lat' dir='ltr'><strong>exitum.</strong></span> <span class='ocrx_word' id='word_1_148' title='bbox 717 2739 786 2810; x_wconf 78' lang='grc' dir='ltr'><strong>Κάν</strong></span> <span class='ocrx_word' id='word_1_149' title='bbox 806 2779 850 2789; x_wconf 91' lang='grc'><strong>-</strong></span> <span class='ocrx_word' id='word_1_150' title='bbox 868 2738 1039 2836; x_wconf 63' lang='grc' dir='ltr'>ἐναγείρῃς</span> <span class='ocrx_word' id='word_1_151' title='bbox 1059 2743 1244 2811; x_wconf 87' lang='lat' dir='ltr'><strong>universae</strong></span> <span class='ocrx_word' id='word_1_152' title='bbox 1265 2741 1316 2809; x_wconf 91' lang='lat' dir='ltr'><strong>rei</strong></span> <span class='ocrx_word' id='word_1_153' title='bbox 1337 2738 1532 2810; x_wconf 90' lang='lat' dir='ltr'><strong>condicioni</strong></span> <span class='ocrx_word' id='word_1_154' title='bbox 1558 2744 1740 2835; x_wconf 88' lang='lat' dir='ltr'><strong>animoque</strong></span> <span class='ocrx_word' id='word_1_155' title='bbox 1760 2741 1919 2811; x_wconf 90' lang='lat' dir='ltr'><strong>donaturi</strong></span> <span class='ocrx_word' id='word_1_156' title='bbox 1940 2739 2087 2812; x_wconf 90' lang='lat' dir='ltr'><strong>lebetem</strong></span> 
     </span>
     <span class='ocr_line' id='line_1_16' title="bbox 377 2877 2090 2975; baseline 0.001 -26"><span class='ocrx_word' id='word_1_157' title='bbox 377 2889 501 2975; x_wconf 89' lang='lat' dir='ltr'><strong>poetae</strong></span> <span class='ocrx_word' id='word_1_158' title='bbox 539 2881 685 2970; x_wconf 88' lang='lat' dir='ltr'><strong>egregie</strong></span> <span class='ocrx_word' id='word_1_159' title='bbox 722 2881 896 2950; x_wconf 88' lang='lat' dir='ltr'><strong>convenit.</strong></span> <span class='ocrx_word' id='word_1_160' title='bbox 954 2877 1030 2949; x_wconf 93' lang='lat' dir='ltr'><strong>Non</strong></span> <span class='ocrx_word' id='word_1_161' title='bbox 1069 2881 1158 2948; x_wconf 91' lang='lat' dir='ltr'><strong>enim</strong></span> <span class='ocrx_word' id='word_1_162' title='bbox 1196 2877 1360 2951; x_wconf 87' lang='lat' dir='ltr'><strong>babemus</strong></span> <span class='ocrx_word' id='word_1_163' title='bbox 1403 2903 1479 2950; x_wconf 90' lang='lat' dir='ltr'><strong>eum</strong></span> <span class='ocrx_word' id='word_1_164' title='bbox 1518 2884 1772 2952; x_wconf 89' lang='lat' dir='ltr'><strong>coniunctivum</strong></span> <span class='ocrx_word' id='word_1_165' title='bbox 1811 2903 1887 2951; x_wconf 90' lang='lat' dir='ltr'><strong>cum</strong></span> <span class='ocrx_word' id='word_1_166' title='bbox 1923 2880 2090 2975; x_wconf 86' lang='lat' dir='ltr'><strong>particula</strong></span> 
     </span>
     <span class='ocr_line' id='line_1_17' title="bbox 380 3018 2092 3124; baseline 0.001 -36"><span class='ocrx_word' id='word_1_167' title='bbox 380 3018 505 3088; x_wconf 86' lang='lat' dir='ltr'><strong>modali</strong></span> <span class='ocrx_word' id='word_1_168' title='bbox 533 3021 747 3124; x_wconf 88' lang='lat' dir='ltr'><strong>coniunctum</strong></span> <span class='ocrx_word' id='word_1_169' title='bbox 777 3039 877 3111; x_wconf 90' lang='lat' dir='ltr'><strong>quem</strong></span> <span class='ocrx_word' id='word_1_170' title='bbox 906 3020 940 3087; x_wconf 93' lang='lat' dir='ltr'><strong>in</strong></span> <span class='ocrx_word' id='word_1_171' title='bbox 979 3021 1160 3088; x_wconf 84' lang='lat' dir='ltr'><strong>enuntiatis</strong></span> <span class='ocrx_word' id='word_1_172' title='bbox 1197 3019 1350 3090; x_wconf 88' lang='lat' dir='ltr'><strong>relativis</strong></span> <span class='ocrx_word' id='word_1_173' title='bbox 1387 3020 1556 3114; x_wconf 88' lang='lat' dir='ltr'><strong>pedestris</strong></span> <span class='ocrx_word' id='word_1_174' title='bbox 1584 3023 1692 3090; x_wconf 86' lang='lat' dir='ltr'><strong>oratio</strong></span> <span class='ocrx_word' id='word_1_175' title='bbox 1721 3022 1922 3114; x_wconf 88' lang='lat' dir='ltr'><strong>saepissime</strong></span> <span class='ocrx_word' id='word_1_176' title='bbox 1950 3021 2092 3092; x_wconf 86' lang='lat' dir='ltr'><strong>exhibet</strong></span> 
     </span>
     <span class='ocr_line' id='line_1_18' title="bbox 380 3153 2091 3253; baseline 0.002 -24"><span class='ocrx_word' id='word_1_177' title='bbox 380 3158 441 3230; x_wconf 88' lang='lat' dir='ltr'><strong>sed</strong></span> <span class='ocrx_word' id='word_1_178' title='bbox 470 3159 724 3228; x_wconf 90' lang='lat' dir='ltr'><strong>coniunctivum</strong></span> <span class='ocrx_word' id='word_1_179' title='bbox 753 3155 911 3244; x_wconf 58' lang='lat' dir='ltr'><strong>linalemq</strong></span> <span class='ocrx_word' id='word_1_180' title='bbox 948 3158 1002 3226; x_wconf 93' lang='lat' dir='ltr'><strong>cni</strong></span> <span class='ocrx_word' id='word_1_181' title='bbox 1030 3159 1117 3227; x_wconf 90' lang='lat' dir='ltr'><strong>sicut</strong></span> <span class='ocrx_word' id='word_1_182' title='bbox 1144 3155 1232 3251; x_wconf 90' lang='lat' dir='ltr'><strong>opud</strong></span> <span class='ocrx_word' id='word_1_183' title='bbox 1261 3157 1449 3230; x_wconf 91' lang='lat' dir='ltr'><strong>Homerum</strong></span> <span class='ocrx_word' id='word_1_184' title='bbox 1463 3153 1514 3250; x_wconf 77' lang='lat'><strong>⁵⁰)</strong></span> <span class='ocrx_word' id='word_1_185' title='bbox 1543 3161 1601 3230; x_wconf 82' lang='grc' dir='ltr'><strong>κάν</strong></span> <span class='ocrx_word' id='word_1_186' title='bbox 1630 3160 1776 3250; x_wconf 68' lang='lat' dir='ltr'><strong>accedit,</strong></span> <span class='ocrx_word' id='word_1_187' title='bbox 1811 3181 1877 3253; x_wconf 93' lang='lat' dir='ltr'><strong>quo</strong></span> <span class='ocrx_word' id='word_1_188' title='bbox 1904 3160 2091 3232; x_wconf 87' lang='lat' dir='ltr'><strong>modestius</strong></span> 
     </span>
     <span class='ocr_line' id='line_1_19' title="bbox 379 3294 2090 3395; baseline 0.001 -29"><span class='ocrx_word' id='word_1_189' title='bbox 379 3305 481 3391; x_wconf 87' lang='lat' dir='ltr'><strong>poeta</strong></span> <span class='ocrx_word' id='word_1_190' title='bbox 515 3295 603 3389; x_wconf 89' lang='lat' dir='ltr'><strong>quod</strong></span> <span class='ocrx_word' id='word_1_191' title='bbox 632 3305 813 3391; x_wconf 84' lang='lat' dir='ltr'><strong>exspectet</strong></span> <span class='ocrx_word' id='word_1_192' title='bbox 841 3297 905 3366; x_wconf 93' lang='lat' dir='ltr'><strong>nisi</strong></span> <span class='ocrx_word' id='word_1_193' title='bbox 937 3294 1193 3368; x_wconf 88' lang='lat' dir='ltr'><strong>condicionibus</strong></span> <span class='ocrx_word' id='word_1_194' title='bbox 1230 3295 1429 3390; x_wconf 88' lang='lat' dir='ltr'><strong>quibusdum</strong></span> <span class='ocrx_word' id='word_1_195' title='bbox 1466 3302 1651 3395; x_wconf 92' lang='lat' dir='ltr'><strong>propositis</strong></span> <span class='ocrx_word' id='word_1_196' title='bbox 1678 3310 1885 3370; x_wconf 88' lang='lat' dir='ltr'><strong>eventurum</strong></span> <span class='ocrx_word' id='word_1_197' title='bbox 1913 3322 1983 3370; x_wconf 90' lang='lat' dir='ltr'><strong>nou</strong></span> <span class='ocrx_word' id='word_1_198' title='bbox 2012 3321 2090 3372; x_wconf 89' lang='lat' dir='ltr'><strong>esse</strong></span> 
     </span>
     <span class='ocr_line' id='line_1_20' title="bbox 381 3435 2093 3535; baseline 0.001 -27"><span class='ocrx_word' id='word_1_199' title='bbox 381 3437 516 3508; x_wconf 89' lang='lat' dir='ltr'><strong>indicet.</strong></span> <span class='ocrx_word' id='word_1_200' title='bbox 556 3435 608 3505; x_wconf 91' lang='lat' dir='ltr'><strong>·Si</strong></span> <span class='ocrx_word' id='word_1_201' title='bbox 638 3436 713 3508; x_wconf 91' lang='lat' dir='ltr'><strong>solo</strong></span> <span class='ocrx_word' id='word_1_202' title='bbox 743 3438 962 3506; x_wconf 90' lang='lat' dir='ltr'><strong>coniunctivo</strong></span> <span class='ocrx_word' id='word_1_203' title='bbox 992 3459 1071 3507; x_wconf 91' lang='lat' dir='ltr'><strong>usus</strong></span> <span class='ocrx_word' id='word_1_204' title='bbox 1100 3445 1212 3524; x_wconf 68' lang='lat' dir='ltr'><strong>esset.</strong></span> <span class='ocrx_word' id='word_1_205' title='bbox 1256 3440 1331 3507; x_wconf 90' lang='lat' dir='ltr'><strong>siue</strong></span> <span class='ocrx_word' id='word_1_206' title='bbox 1359 3437 1461 3509; x_wconf 93' lang='lat' dir='ltr'><strong>dubio</strong></span> <span class='ocrx_word' id='word_1_207' title='bbox 1490 3437 1715 3511; x_wconf 83' lang='lat' dir='ltr'><strong>confidentius</strong></span> <span class='ocrx_word' id='word_1_208' title='bbox 1753 3439 1830 3510; x_wconf 91' lang='lat' dir='ltr'><strong>lore</strong></span> <span class='ocrx_word' id='word_1_209' title='bbox 1863 3447 2022 3535; x_wconf 88' lang='lat' dir='ltr'><strong>speraret</strong></span> <span class='ocrx_word' id='word_1_210' title='bbox 2060 3449 2093 3510; x_wconf 90' lang='lat' dir='ltr'><strong>ot</strong></span> 
     </span>
     <span class='ocr_line' id='line_1_21' title="bbox 381 3574 1216 3684; baseline 0 -38"><span class='ocrx_word' id='word_1_211' title='bbox 381 3585 492 3647; x_wconf 87' lang='lat' dir='ltr'><strong>amata</strong></span> <span class='ocrx_word' id='word_1_212' title='bbox 515 3575 630 3671; x_wconf 90' lang='lat' dir='ltr'><strong>puella</strong></span> <span class='ocrx_word' id='word_1_213' title='bbox 653 3578 782 3684; x_wconf 25' lang='lat' dir='ltr'><strong>&#39;amanti</strong></span> <span class='ocrx_word' id='word_1_214' title='bbox 811 3574 875 3647; x_wconf 89' lang='lat' dir='ltr'><strong>sibi</strong></span> <span class='ocrx_word' id='word_1_215' title='bbox 903 3597 1036 3646; x_wconf 92' lang='lat' dir='ltr'><strong>morem</strong></span> <span class='ocrx_word' id='word_1_216' title='bbox 1064 3585 1216 3668; x_wconf 85' lang='lat' dir='ltr'><strong>gereret.</strong></span> 
     </span>
    </p>
   </div>
   <div class='ocr_carea' id='block_1_5' title="bbox 381 3709 2111 4091">
    <p class='ocr_par' dir='ltr' id='par_1_6' title="bbox 381 3709 2111 4091">
     <span class='ocr_line' id='line_1_22' title="bbox 485 3709 2111 3811; baseline 0.004 -25"><span class='ocrx_word' id='word_1_217' title='bbox 485 3717 664 3811; x_wconf 54' lang='lat' dir='ltr'><strong>Superestq</strong></span> <span class='ocrx_word' id='word_1_218' title='bbox 692 3724 728 3786; x_wconf 90' lang='lat' dir='ltr'><strong>ut</strong></span> <span class='ocrx_word' id='word_1_219' title='bbox 754 3739 862 3811; x_wconf 89' lang='lat' dir='ltr'><strong>pauca</strong></span> <span class='ocrx_word' id='word_1_220' title='bbox 887 3715 929 3786; x_wconf 89' lang='lat' dir='ltr'><strong>de</strong></span> <span class='ocrx_word' id='word_1_221' title='bbox 949 3739 1054 3788; x_wconf 87' lang='lat' dir='ltr'><strong>versu</strong></span> <span class='ocrx_word' id='word_1_222' title='bbox 1075 3720 1191 3809; x_wconf 90' lang='lat' dir='ltr'><strong>quinto</strong></span> <span class='ocrx_word' id='word_1_223' title='bbox 1211 3717 1395 3808; x_wconf 85' lang='lat' dir='ltr'><strong>fragmenti</strong></span> <span class='ocrx_word' id='word_1_224' title='bbox 1414 3721 1521 3789; x_wconf 89' lang='lat' dir='ltr'><strong>nostri</strong></span> <span class='ocrx_word' id='word_1_225' title='bbox 1551 3719 1725 3792; x_wconf 90' lang='lat' dir='ltr'><strong>addamus.</strong></span> <span class='ocrx_word' id='word_1_226' title='bbox 1769 3718 1974 3792; x_wconf 82' lang='lat' dir='ltr'><strong>lleiuekeus</strong></span> <span class='ocrx_word' id='word_1_227' title='bbox 2003 3709 2111 3792; x_wconf 81' lang='lat' dir='ltr'><strong>enim&#39;</strong></span> 
     </span>
     <span class='ocr_line' id='line_1_23' title="bbox 381 3854 2091 3956; baseline 0.001 -28"><span class='ocrx_word' id='word_1_228' title='bbox 381 3877 443 3928; x_wconf 89' lang='lat' dir='ltr'><strong>sno</strong></span> <span class='ocrx_word' id='word_1_229' title='bbox 481 3857 555 3926; x_wconf 91' lang='lat' dir='ltr'><strong>iure</strong></span> <span class='ocrx_word' id='word_1_230' title='bbox 597 3854 802 3928; x_wconf 88' lang='lat' dir='ltr'><strong>observavit</strong></span> <span class='ocrx_word' id='word_1_231' title='bbox 844 3855 997 3928; x_wconf 87' lang='lat' dir='ltr'><strong>insolens</strong></span> <span class='ocrx_word' id='word_1_232' title='bbox 1040 3879 1119 3926; x_wconf 89' lang='lat' dir='ltr'><strong>esse</strong></span> <span class='ocrx_word' id='word_1_233' title='bbox 1164 3857 1295 3956; x_wconf 72' lang='grc' dir='ltr'>ἠράσθη</span> <span class='ocrx_word' id='word_1_234' title='bbox 1334 3879 1408 3927; x_wconf 90' lang='lat' dir='ltr'><strong>cum</strong></span> <span class='ocrx_word' id='word_1_235' title='bbox 1447 3861 1645 3929; x_wconf 85' lang='lat' dir='ltr'><strong>accusativo</strong></span> <span class='ocrx_word' id='word_1_236' title='bbox 1683 3861 1912 3930; x_wconf 91' lang='lat' dir='ltr'><strong>coniunctum.</strong></span> <span class='ocrx_word' id='word_1_237' title='bbox 1982 3860 2091 3947; x_wconf 83' lang='lat' dir='ltr'><strong>Quam</strong></span> 
     </span>
     <span class='ocr_line' id='line_1_24' title="bbox 384 3995 2093 4091; baseline 0.004 -27"><span class='ocrx_word' id='word_1_238' title='bbox 384 3995 611 4066; x_wconf 78' lang='lat' dir='ltr'><strong>offensionem</strong></span> <span class='ocrx_word' id='word_1_239' title='bbox 641 3996 711 4066; x_wconf 91' lang='lat' dir='ltr'><strong>leni</strong></span> <span class='ocrx_word' id='word_1_240' title='bbox 739 3997 925 4066; x_wconf 89' lang='lat' dir='ltr'><strong>mutatione</strong></span> <span class='ocrx_word' id='word_1_241' title='bbox 955 3999 999 4066; x_wconf 90' lang='lat' dir='ltr'><strong>ita</strong></span> <span class='ocrx_word' id='word_1_242' title='bbox 1028 3997 1165 4083; x_wconf 82' lang='lat' dir='ltr'><strong>vitavit,</strong></span> <span class='ocrx_word' id='word_1_243' title='bbox 1192 4005 1228 4064; x_wconf 91' lang='lat' dir='ltr'><strong>nt</strong></span> <span class='ocrx_word' id='word_1_244' title='bbox 1256 3995 1458 4068; x_wconf 83' lang='lat' dir='ltr'><strong>inlinitivum</strong></span> <span class='ocrx_word' id='word_1_245' title='bbox 1486 3997 1597 4068; x_wconf 75' lang='grc' dir='ltr'>ἔσθειν</span> <span class='ocrx_word' id='word_1_246' title='bbox 1625 3996 1711 4091; x_wconf 82' lang='lat' dir='ltr'><strong>[pro</strong></span> <span class='ocrx_word' id='word_1_247' title='bbox 1741 3997 1852 4088; x_wconf 78' lang='grc' dir='ltr'>ἔσθει)</span> <span class='ocrx_word' id='word_1_248' title='bbox 1882 4000 1955 4070; x_wconf 74' lang='lat' dir='ltr'><strong>un</strong></span> <span class='ocrx_word' id='word_1_249' title='bbox 1976 4007 2093 4070; x_wconf 90' lang='lat' dir='ltr'><strong>trans-</strong></span> 
     </span>
    </p>
   </div>
   <div class='ocr_carea' id='block_1_6' title="bbox 384 4279 694 4292">
    <p class='ocr_par' dir='ltr' id='par_1_7' title="bbox 384 4279 694 4292">
     <span class='ocr_line' id='line_1_25' title="bbox 384 4279 694 4292; baseline 0.003 -2"><span class='ocrx_word' id='word_1_250' title='bbox 384 4279 694 4292; x_wconf 59' lang='lat' dir='ltr'><strong>m·-</strong></span> 
     </span>
    </p>
   </div>
   <div class='ocr_carea' id='block_1_7' title="bbox 380 4449 2093 4608">
    <p class='ocr_par' dir='ltr' id='par_1_8' title="bbox 380 4449 2093 4608">
     <span class='ocr_line' id='line_1_26' title="bbox 486 4449 2093 4522; baseline 0.002 -17"><span class='ocrx_word' id='word_1_251' title='bbox 486 4453 519 4518; x_wconf 73' lang='grc'><strong>18)</strong></span> <span class='ocrx_word' id='word_1_252' title='bbox 538 4450 576 4505; x_wconf 80' lang='lat' dir='ltr'><strong>lio</strong></span> <span class='ocrx_word' id='word_1_253' title='bbox 593 4449 651 4504; x_wconf 79' lang='lat' dir='ltr'><strong>dial.</strong></span> <span class='ocrx_word' id='word_1_254' title='bbox 671 4451 742 4504; x_wconf 74' lang='lat' dir='ltr'><strong>Aeol.</strong></span> <span class='ocrx_word' id='word_1_255' title='bbox 760 4467 784 4520; x_wconf 91' lang='lat' dir='ltr'><strong>p.</strong></span> <span class='ocrx_word' id='word_1_256' title='bbox 804 4454 837 4505; x_wconf 82' lang='grc'>15</span> <span class='ocrx_word' id='word_1_257' title='bbox 855 4461 880 4505; x_wconf 87' lang='lat' dir='ltr'><strong>et</strong></span> <span class='ocrx_word' id='word_1_258' title='bbox 899 4454 957 4506; x_wconf 84' lang='grc'>156,</span> <span class='ocrx_word' id='word_1_259' title='bbox 992 4453 1141 4506; x_wconf 79' lang='lat' dir='ltr'><strong>Accumtius</strong></span> <span class='ocrx_word' id='word_1_260' title='bbox 1159 4451 1282 4506; x_wconf 83' lang='lat' dir='ltr'><strong>Webcros</strong></span> <span class='ocrx_word' id='word_1_261' title='bbox 1301 4453 1392 4506; x_wconf 83' lang='lat' dir='ltr'><strong>lorinus</strong></span> <span class='ocrx_word' id='word_1_262' title='bbox 1409 4453 1443 4505; x_wconf 89' lang='lat' dir='ltr'><strong>ita</strong></span> <span class='ocrx_word' id='word_1_263' title='bbox 1462 4451 1592 4522; x_wconf 78' lang='lat' dir='ltr'><strong>distinguit</strong></span> <span class='ocrx_word' id='word_1_264' title='bbox 1610 4460 1637 4505; x_wconf 87' lang='lat' dir='ltr'><strong>ut</strong></span> <span class='ocrx_word' id='word_1_265' title='bbox 1653 4461 1752 4520; x_wconf 84' lang='lat' dir='ltr'><strong>praeter</strong></span> <span class='ocrx_word' id='word_1_266' title='bbox 1768 4452 1811 4506; x_wconf 76' lang='grc' dir='ltr'><strong>κάν</strong></span> <span class='ocrx_word' id='word_1_267' title='bbox 1829 4451 1969 4507; x_wconf 87' lang='lat' dir='ltr'><strong>breviorem</strong></span> <span class='ocrx_word' id='word_1_268' title='bbox 1990 4455 2093 4508; x_wconf 84' lang='lat' dir='ltr'><strong>lormarn</strong></span> 
     </span>
     <span class='ocr_line' id='line_1_27' title="bbox 380 4537 1740 4608; baseline 0 -16"><span class='ocrx_word' id='word_1_269' title='bbox 380 4537 412 4592; x_wconf 76' lang='grc' dir='ltr'><strong>κά</strong></span> <span class='ocrx_word' id='word_1_270' title='bbox 429 4540 493 4606; x_wconf 87' lang='lat' dir='ltr'><strong>apud</strong></span> <span class='ocrx_word' id='word_1_271' title='bbox 513 4539 630 4605; x_wconf 81' lang='lat' dir='ltr'><strong>boeotos,</strong></span> <span class='ocrx_word' id='word_1_272' title='bbox 649 4541 731 4606; x_wconf 74' lang='lat' dir='ltr'><strong>Eleos,</strong></span> <span class='ocrx_word' id='word_1_273' title='bbox 749 4541 883 4594; x_wconf 84' lang='lat' dir='ltr'><strong>Dorienses</strong></span> <span class='ocrx_word' id='word_1_274' title='bbox 901 4543 926 4593; x_wconf 93' lang='lat' dir='ltr'><strong>in</strong></span> <span class='ocrx_word' id='word_1_275' title='bbox 946 4559 991 4593; x_wconf 86' lang='lat' dir='ltr'><strong>usu</strong></span> <span class='ocrx_word' id='word_1_276' title='bbox 1011 4541 1087 4594; x_wconf 87' lang='lat' dir='ltr'><strong>luisse</strong></span> <span class='ocrx_word' id='word_1_277' title='bbox 1105 4543 1204 4608; x_wconf 76' lang='lat' dir='ltr'><strong>doceat,</strong></span> <span class='ocrx_word' id='word_1_278' title='bbox 1222 4543 1261 4596; x_wconf 76' lang='lat' dir='ltr'><strong>alu</strong></span> <span class='ocrx_word' id='word_1_279' title='bbox 1280 4550 1305 4594; x_wconf 85' lang='lat' dir='ltr'><strong>et</strong></span> <span class='ocrx_word' id='word_1_280' title='bbox 1322 4541 1348 4594; x_wconf 75' lang='lat' dir='ltr'><strong>si</strong></span> <span class='ocrx_word' id='word_1_281' title='bbox 1368 4541 1461 4594; x_wconf 82' lang='lat' dir='ltr'><strong>Lesbiis</strong></span> <span class='ocrx_word' id='word_1_282' title='bbox 1480 4541 1572 4593; x_wconf 85' lang='lat' dir='ltr'><strong>tribuat</strong></span> <span class='ocrx_word' id='word_1_283' title='bbox 1590 4549 1614 4592; x_wconf 87' lang='lat' dir='ltr'><strong>et</strong></span> <span class='ocrx_word' id='word_1_284' title='bbox 1633 4539 1740 4593; x_wconf 87' lang='lat' dir='ltr'><strong>lenibus.</strong></span> 
     </span>
    </p>
   </div>
   <div class='ocr_carea' id='block_1_8' title="bbox 485 4644 909 4713">
    <p class='ocr_par' dir='ltr' id='par_1_9' title="bbox 485 4644 909 4713">
     <span class='ocr_line' id='line_1_28' title="bbox 485 4644 909 4713; baseline 0.005 -19"><span class='ocrx_word' id='word_1_285' title='bbox 485 4647 517 4712; x_wconf 75' lang='lat'><strong>⁴⁹)</strong></span> <span class='ocrx_word' id='word_1_286' title='bbox 536 4644 574 4697; x_wconf 90' lang='lat' dir='ltr'><strong>Cl.</strong></span> <span class='ocrx_word' id='word_1_287' title='bbox 594 4646 762 4713; x_wconf 79' lang='lat' dir='ltr'><strong>westphaliae</strong></span> <span class='ocrx_word' id='word_1_288' title='bbox 780 4646 796 4698; x_wconf 94' lang='grc'>1.</span> <span class='ocrx_word' id='word_1_289' title='bbox 815 4646 831 4698; x_wconf 95' lang='lat' dir='ltr'><strong>l.</strong></span> <span class='ocrx_word' id='word_1_290' title='bbox 850 4648 909 4699; x_wconf 83' lang='lat'><strong>362.</strong></span> 
     </span>
    </p>
   </div>
   <div class='ocr_carea' id='block_1_9' title="bbox 381 4747 2095 5087">
    <p class='ocr_par' dir='ltr' id='par_1_10' title="bbox 381 4747 2095 5087">
     <span class='ocr_line' id='line_1_29' title="bbox 486 4747 2094 4822; baseline 0.003 -19"><span class='ocrx_word' id='word_1_291' title='bbox 486 4752 520 4816; x_wconf 80' lang='lat'><strong>⁵⁰)</strong></span> <span class='ocrx_word' id='word_1_292' title='bbox 539 4749 657 4820; x_wconf 82' lang='lat' dir='ltr'><strong>Exempla</strong></span> <span class='ocrx_word' id='word_1_293' title='bbox 675 4751 830 4820; x_wconf 87' lang='lat' dir='ltr'><strong>collegerunt</strong></span> <span class='ocrx_word' id='word_1_294' title='bbox 848 4751 1029 4804; x_wconf 80' lang='lat' dir='ltr'><strong>lielbrueckius</strong></span> <span class='ocrx_word' id='word_1_295' title='bbox 1048 4761 1073 4804; x_wconf 87' lang='lat' dir='ltr'><strong>et</strong></span> <span class='ocrx_word' id='word_1_296' title='bbox 1091 4751 1261 4806; x_wconf 85' lang='lat' dir='ltr'><strong>Windiscbios</strong></span> <span class='ocrx_word' id='word_1_297' title='bbox 1279 4752 1295 4804; x_wconf 92' lang='lat' dir='ltr'><strong>l.</strong></span> <span class='ocrx_word' id='word_1_298' title='bbox 1314 4755 1331 4804; x_wconf 96' lang='grc'>1.</span> <span class='ocrx_word' id='word_1_299' title='bbox 1351 4768 1374 4820; x_wconf 92' lang='lat' dir='ltr'><strong>p.</strong></span> <span class='ocrx_word' id='word_1_300' title='bbox 1395 4751 1452 4804; x_wconf 81' lang='lat'><strong>1³0.</strong></span> <span class='ocrx_word' id='word_1_301' title='bbox 1490 4747 1679 4804; x_wconf 84' lang='lat' dir='ltr'><strong>Coniunctivrirn</strong></span> <span class='ocrx_word' id='word_1_302' title='bbox 1699 4762 1766 4805; x_wconf 87' lang='lat' dir='ltr'><strong>recto</strong></span> <span class='ocrx_word' id='word_1_303' title='bbox 1787 4754 1895 4822; x_wconf 81' lang='lat' dir='ltr'><strong>explicat</strong></span> <span class='ocrx_word' id='word_1_304' title='bbox 1913 4753 2094 4808; x_wconf 86' lang='lat' dir='ltr'><strong>Delbrueckius</strong></span> 
     </span>
     <span class='ocr_line' id='line_1_30' title="bbox 381 4839 2095 4912; baseline 0.004 -24"><span class='ocrx_word' id='word_1_305' title='bbox 381 4850 405 4902; x_wconf 90' lang='lat' dir='ltr'><strong>p.</strong></span> <span class='ocrx_word' id='word_1_306' title='bbox 424 4839 468 4902; x_wconf 85' lang='grc'><strong>37,</strong></span> <span class='ocrx_word' id='word_1_307' title='bbox 487 4840 529 4907; x_wconf 89' lang='lat' dir='ltr'><strong>qui</strong></span> <span class='ocrx_word' id='word_1_308' title='bbox 554 4840 659 4891; x_wconf 85' lang='lat' dir='ltr'><strong>oirndom</strong></span> <span class='ocrx_word' id='word_1_309' title='bbox 679 4840 778 4892; x_wconf 89' lang='lat' dir='ltr'><strong>modum</strong></span> <span class='ocrx_word' id='word_1_310' title='bbox 797 4842 821 4890; x_wconf 95' lang='lat' dir='ltr'><strong>in</strong></span> <span class='ocrx_word' id='word_1_311' title='bbox 847 4841 979 4892; x_wconf 86' lang='lat' dir='ltr'><strong>enuntiatis</strong></span> <span class='ocrx_word' id='word_1_312' title='bbox 1003 4841 1125 4908; x_wconf 88' lang='lat' dir='ltr'><strong>primariis</strong></span> <span class='ocrx_word' id='word_1_313' title='bbox 1150 4842 1215 4908; x_wconf 84' lang='lat' dir='ltr'><strong>apud</strong></span> <span class='ocrx_word' id='word_1_314' title='bbox 1240 4841 1371 4892; x_wconf 87' lang='lat' dir='ltr'><strong>llomeruur</strong></span> <span class='ocrx_word' id='word_1_315' title='bbox 1398 4841 1488 4892; x_wconf 81' lang='lat' dir='ltr'><strong>frustra</strong></span> <span class='ocrx_word' id='word_1_316' title='bbox 1513 4842 1637 4908; x_wconf 83' lang='lat' dir='ltr'><strong>quaesivit</strong></span> <span class='ocrx_word' id='word_1_317' title='bbox 1656 4857 1678 4908; x_wconf 91' lang='lat' dir='ltr'><strong>p.</strong></span> <span class='ocrx_word' id='word_1_318' title='bbox 1699 4841 1733 4892; x_wconf 85' lang='lat'><strong>20</strong></span> <span class='ocrx_word' id='word_1_319' title='bbox 1752 4859 1789 4910; x_wconf 85' lang='lat' dir='ltr'><strong>sq.</strong></span> <span class='ocrx_word' id='word_1_320' title='bbox 1826 4842 1916 4912; x_wconf 86' lang='lat' dir='ltr'><strong>Tetigit</strong></span> <span class='ocrx_word' id='word_1_321' title='bbox 1941 4843 2006 4894; x_wconf 90' lang='lat' dir='ltr'><strong>bunc</strong></span> <span class='ocrx_word' id='word_1_322' title='bbox 2031 4860 2095 4895; x_wconf 90' lang='lat' dir='ltr'><strong>con-</strong></span> 
     </span>
     <span class='ocr_line' id='line_1_31' title="bbox 382 4923 2093 4999; baseline 0.005 -24"><span class='ocrx_word' id='word_1_323' title='bbox 382 4923 518 4977; x_wconf 86' lang='lat' dir='ltr'><strong>iunctivum</strong></span> <span class='ocrx_word' id='word_1_324' title='bbox 537 4925 687 4996; x_wconf 68' lang='lat' dir='ltr'><strong>llruegeros</strong></span> <span class='ocrx_word' id='word_1_325' title='bbox 705 4945 807 4998; x_wconf 86' lang='lat' dir='ltr'><strong>gramm.</strong></span> <span class='ocrx_word' id='word_1_326' title='bbox 827 4931 867 4982; x_wconf 85' lang='lat' dir='ltr'><strong>Gr.</strong></span> <span class='ocrx_word' id='word_1_327' title='bbox 886 4929 927 4993; x_wconf 76' lang='lat'><strong>11³,</strong></span> <span class='ocrx_word' id='word_1_328' title='bbox 948 4931 963 4981; x_wconf 84' lang='lat'>2</span> <span class='ocrx_word' id='word_1_329' title='bbox 983 4928 1077 4999; x_wconf 84' lang='lat' dir='ltr'><strong>(Berol.</strong></span> <span class='ocrx_word' id='word_1_330' title='bbox 1095 4930 1175 4995; x_wconf 75' lang='grc'>1871)</span> <span class='ocrx_word' id='word_1_331' title='bbox 1194 4933 1219 4994; x_wconf 77' lang='lat'><strong>§.</strong></span> <span class='ocrx_word' id='word_1_332' title='bbox 1234 4929 1275 4992; x_wconf 84' lang='grc'><strong>53,</strong></span> <span class='ocrx_word' id='word_1_333' title='bbox 1289 4932 1314 4992; x_wconf 84' lang='grc'><strong>7,</strong></span> <span class='ocrx_word' id='word_1_334' title='bbox 1330 4931 1356 4992; x_wconf 88' lang='grc'><strong>3,</strong></span> <span class='ocrx_word' id='word_1_335' title='bbox 1373 4928 1455 4996; x_wconf 88' lang='lat' dir='ltr'><strong>paullo</strong></span> <span class='ocrx_word' id='word_1_336' title='bbox 1471 4927 1570 4979; x_wconf 75' lang='lat' dir='ltr'><strong>cibarius</strong></span> <span class='ocrx_word' id='word_1_337' title='bbox 1593 4931 1707 4980; x_wconf 83' lang='lat' dir='ltr'><strong>tractavit</strong></span> <span class='ocrx_word' id='word_1_338' title='bbox 1725 4929 1869 4982; x_wconf 85' lang='lat' dir='ltr'><strong>lluebnorus</strong></span> <span class='ocrx_word' id='word_1_339' title='bbox 1892 4947 1995 4998; x_wconf 84' lang='lat' dir='ltr'><strong>grauun.</strong></span> <span class='ocrx_word' id='word_1_340' title='bbox 2016 4933 2093 4998; x_wconf 83' lang='lat' dir='ltr'><strong>arripi.</strong></span> 
     </span>
     <span class='ocr_line' id='line_1_32' title="bbox 383 5015 1933 5087; baseline 0.002 -20"><span class='ocrx_word' id='word_1_341' title='bbox 383 5015 424 5067; x_wconf 86' lang='lat' dir='ltr'><strong>Gr.</strong></span> <span class='ocrx_word' id='word_1_342' title='bbox 443 5015 483 5081; x_wconf 87' lang='lat' dir='ltr'><strong>ll²‚</strong></span> <span class='ocrx_word' id='word_1_343' title='bbox 503 5032 526 5084; x_wconf 92' lang='lat' dir='ltr'><strong>p.</strong></span> <span class='ocrx_word' id='word_1_344' title='bbox 546 5017 612 5081; x_wconf 87' lang='grc'>931,</span> <span class='ocrx_word' id='word_1_345' title='bbox 638 5018 682 5068; x_wconf 86' lang='lat' dir='ltr'><strong>sed</strong></span> <span class='ocrx_word' id='word_1_346' title='bbox 710 5027 796 5070; x_wconf 84' lang='lat' dir='ltr'><strong>neuter</strong></span> <span class='ocrx_word' id='word_1_347' title='bbox 821 5021 960 5087; x_wconf 75' lang='lat' dir='ltr'><strong>perspexit,</strong></span> <span class='ocrx_word' id='word_1_348' title='bbox 984 5035 1032 5086; x_wconf 87' lang='lat' dir='ltr'><strong>qua</strong></span> <span class='ocrx_word' id='word_1_349' title='bbox 1052 5019 1148 5069; x_wconf 78' lang='lat' dir='ltr'><strong>ratione</strong></span> <span class='ocrx_word' id='word_1_350' title='bbox 1167 5019 1187 5069; x_wconf 86' lang='lat' dir='ltr'><strong>is</strong></span> <span class='ocrx_word' id='word_1_351' title='bbox 1207 5035 1264 5068; x_wconf 85' lang='lat' dir='ltr'><strong>usus</strong></span> <span class='ocrx_word' id='word_1_352' title='bbox 1283 5035 1297 5068; x_wconf 87' lang='lat' dir='ltr'><strong>e</strong></span> <span class='ocrx_word' id='word_1_353' title='bbox 1317 5019 1390 5069; x_wconf 86' lang='lat' dir='ltr'><strong>totius</strong></span> <span class='ocrx_word' id='word_1_354' title='bbox 1409 5017 1476 5068; x_wconf 79' lang='lat' dir='ltr'><strong>naudi</strong></span> <span class='ocrx_word' id='word_1_355' title='bbox 1497 5017 1521 5068; x_wconf 76' lang='lat' dir='ltr'><strong>vi</strong></span> <span class='ocrx_word' id='word_1_356' title='bbox 1539 5034 1568 5070; x_wconf 87' lang='lat' dir='ltr'><strong>ac</strong></span> <span class='ocrx_word' id='word_1_357' title='bbox 1587 5027 1674 5070; x_wconf 83' lang='lat' dir='ltr'><strong>natura</strong></span> <span class='ocrx_word' id='word_1_358' title='bbox 1695 5019 1875 5086; x_wconf 84' lang='lat' dir='ltr'><strong>intellegendus</strong></span> <span class='ocrx_word' id='word_1_359' title='bbox 1894 5022 1933 5070; x_wconf 85' lang='lat' dir='ltr'><strong>sit.</strong></span> 
     </span>
    </p>
   </div>
   <div class='ocr_carea' id='block_1_10' title="bbox 1838 5127 1853 5178">
    <p class='ocr_par' dir='ltr' id='par_1_11' title="bbox 1838 5127 1853 5178">
     <span class='ocr_line' id='line_1_33' title="bbox 1838 5127 1853 5178; baseline 0 0"><span class='ocrx_word' id='word_1_360' title='bbox 1838 5127 1853 5178; x_wconf 82' lang='lat'><strong>3</strong></span> 
     </span>
    </p>
   </div>
   <div class='ocr_carea' id='block_1_11' title="bbox 0 0 2650 6596">
    <p class='ocr_par' dir='ltr' id='par_1_12' title="bbox 0 0 2650 6596">
     <span class='ocr_line' id='line_1_34' title="bbox 0 0 2650 6596; baseline 0 0"><span class='ocrx_word' id='word_1_361' title='bbox 0 0 2650 6596; x_wconf 95' lang='lat' dir='ltr'><strong> </strong></span> 
     </span>
    </p>
   </div>
  </div>
 </body>
</html>
