5234 6602
1240 760 1491 832 *12-

506 967 574 1038 hoc
601 989 736 1062 quoque
764 968 922 1062 poculum
953 971 985 1038 in
1010 977 1113 1062 caput
1132 967 1324 1062 elephantis
1350 967 1512 1040 desinere
1541 969 1601 1042 vel
1622 971 1696 1041 eius
1714 969 1865 1060 imagine
1885 953 2043 1037 ornatum
2063 958 2223 1054 essem),

507 1105 567 1180 sed
609 1115 730 1177 nostro
772 1106 848 1177 loco
883 1107 1048 1200 imprimis
1082 1105 1351 1196 magnitudinem
1392 1109 1542 1202 spectari
1581 1107 1696 1178 elucet
1737 1107 1837 1176 etiam
1879 1127 1899 1175 e
1941 1105 2066 1198 prioris
2092 1106 2222 1173 vinter-

506 1245 673 1316 locutoris
711 1266 880 1339 responso
918 1245 1056 1338 rhytum
1093 1243 1175 1315 illud
1207 1243 1422 1317 nihilosetius
1449 1267 1554 1340 saepe
1586 1269 1605 1316 a
1633 1267 1672 1317 se
1701 1243 1904 1316 exhaustum
1934 1263 2013 1316 esse
2041 1240 2225 1332 gloriantis

507 1381 705 1476 (ἐκπέπωκα
730 1383 921 1472 πολλάκις).
977 1383 1089 1454 Etiam
1119 1385 1227 1454 maior
1249 1393 1302 1456 cst
1324 1384 1412 1456 alius
1435 1382 1602 1456 eiusmodi
1624 1381 1769 1478 elephas
1793 1393 1863 1454 tres
1893 1380 2000 1452 cboes
2028 1381 2222 1466 continuone,

507 1543 607 1614 quem
635 1521 861 1592 Dcmoxenus
889 1524 1040 1594 comicus
1068 1522 1157 1618 apud
1184 1523 1313 1593 Athon.
1342 1523 1407 1611 ΧΙ,
1435 1546 1467 1617 p.
1497 1521 1573 1594 468
1600 1519 1636 1592 ll.
1664 1521 1717 1592 his
1745 1518 1865 1592 verbis
1893 1516 2055 1590 describit

821 1657 851 1727 εἰ
878 1655 903 1728 d
932 1659 990 1729 οὐκ
1016 1657 1126 1732 ἱκανόν
1154 1686 1216 1749 σοι,
1243 1658 1299 1732 τὸν
1328 1661 1488 1756 ἐλέφανθ’
1517 1663 1590 1758 ἥκει
1618 1658 1730 1756 φέρων

819 1781 835 1850 ὁ
862 1791 948 1856 παῖς.
1004 1783 1047 1850 Β.
1076 1782 1107 1850 τί
1131 1779 1159 1849 δ’
1189 1779 1256 1850 ἐστὶ
1281 1794 1393 1871 τοῦτο,
1421 1778 1502 1877 πρὸς
1530 1782 1641 1866 θεῶν,
1671 1781 1711 1848 Α.
1740 1777 1835 1875 ῥυτὸν
1867 1785 1878 1804 ’

820 1897 998 1996 δίκρουνον,
1027 1903 1140 2000 ἡλίκον
1168 1928 1199 1971 τι
1225 1915 1314 1998 τρεῖς
1340 1913 1474 2000 χωροῦν
1503 1899 1604 1998 χόας,

811 2019 991 2099 Ἄλκωνος
1018 2021 1121 2119 ἔργον.
1148 2021 1305 2119 προῦπιεν
1333 2021 1368 2092 δέ
1397 2025 1450 2118 poi
1475 2047 1555 2092 ποτε

823 2140 858 2210 ἐν
887 2141 1052 2238 Κυψέλοις
1077 2143 1225 2221 Ἀδαῖος.

614 2281 650 2351 Si
693 2290 814 2356 autem·
843 2285 987 2374 primum
1037 2283 1176 2377 rhytum
1213 2283 1376 2379 Epinicus
1422 2282 1566 2352 ridicula
1606 2271 1749 2378 quadam
1788 2282 1943 2352 veritatis
1988 2278 2223 2374 superlatione

507 2407 632 2490 tantae
650 2417 877 2514 amplitudinis
905 2422 1065 2528 poculum
1093 2421 1209 2512 linuitq
1246 2425 1279 2492 in
1318 2421 1549 2494 describendo
1577 2420 1688 2491 altero
1716 2419 1904 2492 verisimile
1933 2427 1985 2490 est
2012 2439 2088 2489 eum
2118 2419 2218 2487 etiam

507 2557 646 2650 longius
675 2556 812 2628 modurn
841 2561 1052 2648 excessisse,
1082 2568 1117 2630 ut
1145 2570 1216 2632 tres
1244 2559 1392 2633 tortasse
1420 2561 1525 2632 choes
1547 2562 1604 2632 vel
1634 2559 1721 2630 adeo
1740 2559 1859 2654 plures
1879 2579 1922 2628 eo
1943 2557 2215 2651 comprehensos

507 2695 616 2769 fuisse
651 2699 783 2769 iocatus
810 2701 862 2769 sit.
918 2697 1066 2769 Versum
1096 2701 1186 2769 enim
1214 2709 1375 2771 octavum
1405 2723 1472 2771 una
1501 2701 1614 2772 addita
1643 2698 1793 2770 litterula
1821 2700 1866 2768 ita
1894 2696 2113 2770 scribendum
2141 2719 2220 2768 esse

509 2856 637 2906 censeo
679 2843 716 2905 ut
741 2837 934 2929 insequenti
964 2835 1144 2907 indicatum
1174 2836 1281 2908 tuisse
1309 2837 1493 2932 putandum
1526 2841 1586 2928 sit‚
1625 2847 1706 2931 quot
1738 2836 1844 2907 choas
1880 2836 2026 2908 alterum
2063 2835 2223 2930 poculum

508 2975 739 3043 continuerit:

630 3089 632 3096 ’
926 3078 963 3145 Α.
993 3076 1104 3175 ἕτερον
1132 3083 1279 3177 τριήρης·
1306 3080 1395 3150 ‘robe'
1422 3080 1503 3156 ἴσως
1530 3061 1633 3175 χωρεῖ
1661 3075 1743 3174 χόας
1759 3059 1765 3146 .
1783 3131 1810 3148 ..

512 3214 629 3300 Quare
658 3217 685 3286 si
716 3215 858 3310 elephas
886 3217 953 3286 duo
982 3217 1088 3290 choes
1118 3218 1425 3314 complectebaturq
1454 3219 1597 3289 alterum
1627 3219 1785 3313 poculum
1816 3203 1964 3288 lortasse
1993 3226 2064 3288 tres
2093 3237 2222 3310 euporo

511 3355 619 3445 potuit
647 3363 683 3422 ut
710 3354 852 3447 elephas
881 3355 1090 3447 Dornoxeni,
1120 3357 1319 3450 languidum
1348 3366 1441 3428 certe
1470 3367 1563 3430 esset
1592 3379 1702 3450 neque
1731 3359 1918 3426 universae
1947 3358 1999 3426 rei
2027 3353 2222 3425 cotrdicioni

512 3492 818 3580 accommodatum
847 3497 876 3564 si
895 3503 930 3563 ut
950 3516 1039 3566 nunc
1061 3496 1188 3588 legitur
1212 3501 1245 3567 in
1270 3495 1475 3569 editionibus
1498 3519 1602 3566 unum
1627 3497 1703 3566 lere
1732 3495 1853 3564 choenr
1883 3503 1977 3565 esset
2005 3492 2223 3588 complexum

511 3628 613 3722 (ἴσως
640 3642 744 3725 χωρεῖ
771 3630 870 3726 χὸοι),
907 3635 1008 3704 immo
1041 3633 1200 3706 damnato
1229 3635 1278 3706 illi
1306 3638 1453 3730 potatori
1477 3657 1495 3702 ιι
1515 3639 1647 3704 minore
1676 3655 1785 3704 onere
1814 3631 1855 3702 ad
1886 3635 2014 3701 maiora
2043 3630 2223 3701 acceden-

513 3768 590 3838 dum
621 3778 705 3838 crat.
761 3767 870 3854 Quale
900 3781 934 3841 et
961 3781 1119 3865 quantum
1149 3777 1283 3844 tertium
1313 3773 1471 3868 poculum
1501 3783 1603 3867 poeta
1631 3771 1771 3842 finxerit
1798 3794 1845 3841 ex
1871 3771 2041 3842 Athenaei
2072 3791 2222 3839 enarra-

513 3909 607 3976 tione
642 3927 710 3975 non
748 3910 829 3979 satis
857 3909 952 3979 clare
987 3913 1211 4004 perspicitur,
1249 3912 1310 3982 sed
1340 3914 1496 4006 quamvis
1531 3930 1691 4000 magnum
1721 3907 1842 3998 luerit,
1881 3918 1952 3980 tres
1980 3908 2039 3978 vel
2069 3915 2227 4001 quattuor

514 4043 620 4114 choos
650 4047 795 4139 ceperitff
825 4067 950 4117 nomen
979 4070 1064 4118 sane
1092 4072 1139 4118 ex
1167 4048 1276 4120 forma
1305 4051 1441 4121 ductum
1470 4073 1549 4121 esse
1578 4048 1725 4120 videtur.
1769 4047 1890 4141 Neque
1911 4049 1999 4117 onim
2024 4046 2227 4135 dubitamusq

514 4185 594 4276 quin
630 4191 723 4252 recte
759 4181 961 4256 hicinekeus
995 4187 1154 4280 poculum
1191 4187 1339 4258 describi
1375 4189 1599 4276 iudicaverit,
1637 4185 1726 4280 quod
1753 4189 1902 4283 πήγαοος
1929 4185 2164 4281 appellaretur
2192 4197 2226 4256 ot

515 4321 616 4414 quule
645 4319 759 4415 paullo
787 4316 1012 4416 superius³¹]
1041 4337 1380 4398 commemoraretur.
1412 4326 1703 4422 Bellerophontes
1732 4347 1794 4394 cur
1813 4346 1833 4393 e
1852 4345 1985 4417 pegaso
2008 4321 2226 4394 Chimaeram

619 4577 652 4638 ³⁰)
673 4575 825 4643 Quanrquam
846 4577 910 4628 inter
927 4579 1027 4646 triginta
1046 4579 1156 4648 quinquo
1174 4580 1246 4646 rhpta
1266 4597 1330 4649 quae
1350 4578 1461 4630 l’anoihn
1481 4580 1497 4630 l.
1517 4579 1531 4630 l.
1550 4578 1631 4630 attulit
1650 4576 1743 4628 nullum
1763 4585 1800 4627 cst
1818 4575 1944 4642 elephanti
1962 4575 2050 4630 similo.

619 4669 951 4736 mmmpma

724 4765 828 4830 κρατῆρε
847 4758 889 4831 μὲν
906 4760 1038 4835 πρώτιστον
1056 4763 1153 4840 ἀργυρὼ
1172 4763 1222 4828 tto,

722 4841 811 4918 φιάλας
829 4842 855 4895 δὲ
873 4848 1029 4922 semipsum,
1048 4848 1106 4904 δέκα
1125 4851 1151 4904 bi
1169 4850 1266 4923 κυμβία,

724 4943 809 5020 ρ’ἑοντιι
826 4940 923 5013 hohhus,
942 4939 976 4992 ὧν
993 4937 1024 4990 τὰ
1042 4937 1085 5009 ρἰν
1103 4935 1151 4990 δέκ’
1169 4937 1262 5012 ἀργυρᾶ

722 5029 762 5105 ἠν,
781 5028 823 5082 δύο
841 5027 868 5080 dl
886 5037 973 5102 χρυσᾶ,
990 5023 1063 5100 ρρυψ,
1081 5023 1108 5077 τὸ
1127 5022 1148 5075 δ’
1167 5022 1245 5097 impos
1264 5023 1416 5097 πήρασος.
