5234 6602
1220 725 1473 795 ...14-

435 937 440 948 “
490 877 627 1008 donum.
668 935 756 1006 Nam
776 937 804 1009 si
824 931 961 1028 quidem
982 931 1146 1026 Epidicus
1166 931 1209 1002 de
1232 934 1373 1004 trireme
1389 930 1503 1026 poculi
1520 932 1656 1001 nomine
1676 928 1864 1005 audiendus
1883 941 1948 1022 est.
1977 948 2206 1027 permagnum

491 1072 523 1144 id
559 1095 624 1146 vas
665 1081 742 1144 erat
783 1073 871 1162 (τῶν
906 1066 1014 1166 ῥυτῶν
1050 1066 1091 1136 τὰ
1128 1067 1262 1165 μέγιστα
1292 1081 1358 1138 τῶν
1394 1065 1542 1162 ὄντων),
1585 1067 1674 1162 quod
1715 1068 1797 1139 licet
1836 1092 1938 1140 unum
1971 1067 2208 1142 tantummodo

490 1210 610 1282 choem
647 1211 912 1304 amplecteretur
940 1217 1010 1278 tres
1039 1206 1115 1276 lere
1143 1205 1242 1278 litros
1269 1217 1304 1277 ut
1334 1228 1398 1278 nos
1427 1205 1569 1277 dicimus
1597 1205 1763 1302 cupiebat.
1818 1207 1889 1278 lam
1918 1199 2006 1280 vero
2035 1211 2063 1282 si
2091 1207 2209 1278 Lace-

492 1349 753 1420 daemoniorum
784 1357 891 1418 metra
919 1346 1044 1417 Atticis
1073 1345 1211 1415 dimidio
1240 1348 1370 1416 maiora
1399 1355 1520 1435 eraut,
1556 1354 1716 1439 quantum
1752 1344 1886 1418 tandem
1919 1349 2028 1442 ipsum
2057 1345 2206 1417 lebetem

490 1487 597 1559 inissa
631 1507 853 1572 censeamuS.
892 1485 945 1554 cui
978 1482 1113 1554 catillus
1145 1483 1204 1553 ille
1237 1492 1379 1554 auctore
1411 1483 1604 1554 Welclrero
1637 1487 1875 1555 immitteretur
1906 1479 1961 1580 (pt
1989 1481 2080 1578 ἔνθ’.)
2135 1483 2207 1554 Sed

490 1627 638 1721 τριήρης,
666 1626 789 1717 inquit,
827 1625 863 1701 in*
893 1621 1047 1691 Palatino
1083 1623 1211 1692 certum
1242 1619 1387 1692 videtur.
1443 1621 1546 1710 Esto,
1583 1632 1712 1692 certum
1743 1623 1919 1710 videatur3
1948 1621 2133 1693 dummodo
2160 1644 2208 1692 ne

492 1761 645 1833 Venetus
674 1761 731 1831 illc
760 1762 941 1854 patricius.
974 1756 1098 1830 Patrius
1127 1758 1308 1847 DecanuS.
1344 1781 1420 1830 cum
1450 1734 1541 1830 anno
1574 1759 1670 1832 1506
1701 1761 1936 1856 apographum
1966 1760 2089 1831 ederet
2116 1763 2209 1830 nunc

492 1900 695 1987 Palatinum,
724 1897 843 1969 codice
872 1919 953 1969 usus
983 1907 1076 1968 esset
1102 1897 1271 1968 vilissimo
1301 1898 1484 1990 multisque
1513 1897 1645 1967 mendis
1674 1887 1922 1992 inquinandi]

598 2036 694 2123 Quae
731 2059 807 2106 cum
846 2039 889 2106 ita
927 2038 1010 2124 sint.
1049 2038 1220 2105 mittamus
1257 2033 1405 2105 catillum
1445 2033 1487 2104 ab
1524 2033 1692 2104 Alcmene
1726 2058 1833 2107 versu
1871 2037 1981 2106 altero
2021 2035 2207 2127 fragmenti

492 2177 600 2246 nostri
635 2175 773 2269 puellae
811 2173 981 2262 oblatum.
1019 2196 1059 2242 ac
1088 2175 1256 2244 mittemus
1289 2195 1332 2244 eo
1378 2172 1512 2244 facilius
1548 2194 1614 2266 quo
1656 2176 1842 2264 graviores
1883 2183 2070 2245 nascuntur
2111 2171 2209 2242 dilst-

492 2313 635 2383 cultates
672 2334 693 2381 e
725 2321 842 2382 cetera
873 2310 1056 2382 Wclclreri
1086 2311 1246 2382 lectione.
1301 2311 1419 2382 Verbu
1450 2315 1539 2383 enim
1568 2309 1643 2380 ἀλλ’
1671 2313 1720 2382 ἔτι
1748 2333 1823 2382 cum
1852 2311 1953 2382 linem
1979 2333 2058 2384 esse
2092 2308 2211 2380 iubeat

492 2473 620 2522 versus
654 2452 814 2538 alterius.
853 2447 895 2518 ab
926 2451 1019 2519 initio
1054 2451 1144 2519 tertii
1181 2449 1303 2520 lacuna
1332 2461 1402 2538 est.
1441 2473 1542 2543 quam
1571 2448 1800 2520 Boissonadio
1835 2460 2023 2544 praeeunte
2061 2448 2207 2544 explere

494 2589 605 2660 studet
633 2588 753 2660 verbis
782 2587 849 2657 ἕντι
875 2612 923 2683 γε.
954 2587 1022 2658 Sed
1043 2587 1172 2658 nollem
1197 2591 1250 2658 vir
1271 2587 1485 2660 doctissimus
1506 2593 1683 2678 egregiam
1700 2581 1923 2677 atrensttisst
1944 2589 2208 2683 disputationem

495 2727 728 2816 neglexisset.
758 2749 824 2820 qua
854 2729 881 2814 is
907 2727 1028 2796 tertiae
1056 2747 1148 2819 pers.
1178 2728 1265 2817 sing.
1295 2725 1439 2797 formam
1470 2727 1538 2798 ἕντι
1567 2748 1803 2819 nonnusquam
1838 2725 1925 2820 apud
1955 2726 2142 2797 Philolnum
2173 2735 2210 2796 et

490 2869 614 2960 passim
665 2865 744 2934 alibi
792 2864 950 2935 traditum
992 2861 1033 2932 ab
1076 2867 1211 2958 antiqua
1254 2874 1289 2935 et
1329 2869 1479 2956 genuina
1531 2864 1662 2935 Doride
1712 2862 1929 2934 abiudicavit.
2013 2864 2208 2935 Welekero

491 3000 704 3097 probandum
742 3009 819 3072 erat
853 3001 1019 3073 eiusmodi
1058 3002 1202 3072 formum
1240 3006 1380 3073 omnino
1417 3012 1516 3073 extra
1554 3001 1725 3096 plebeium
1768 3023 1963 3072 sermonem
2007 3006 2207 3096 exspectari

491 3163 609 3236 posse,
640 3139 729 3233 quod
757 3141 824 3210 nisi
851 3143 1020 3234 praestitit
1047 3161 1117 3209 non
1148 3138 1296 3211 debebat
1324 3163 1399 3211 eam
1419 3140 1574 3210 Alcmani
1600 3138 1796 3211 obtrudere.
1843 3139 1964 3234 Neque
1985 3141 2051 3211 ulla
2071 3143 2208 3210 ratione

493 3275 705 3373 probabilior
742 3275 777 3348 lrt
809 3275 897 3347 haec
935 3279 1146 3347 coniectura·
1173 3300 1215 3348 eo
1248 3278 1338 3372 quod
1369 3282 1404 3380 in
1432 3279 1606 3350 nonnullis
1637 3279 1807 3350 Athenaei
1845 3279 2019 3350 codicibus
2049 3277 2114 3348 ἕντι
2142 3299 2210 3373 pro

492 3416 541 3486 ἔτι
569 3413 742 3504 scribitur.
781 3436 856 3484 carm
886 3435 1002 3484 earum
1031 3436 1161 3485 vocum
1191 3415 1427 3488 confusionem
1465 3415 1595 3486 librarii
1633 3420 1771 3510 saepius
1806 3420 2047 3488 commiserint.
2103 3415 2210 3487 Post-

494 3575 626 3624 remum
656 3552 739 3622 nihil
765 3573 910 3646 prorsus
939 3560 1004 3640 est.
1033 3574 1093 3622 cur
1121 3556 1258 3624 tertium
1288 3553 1475 3646 fragmenti
1504 3557 1612 3626 nostri
1634 3575 1773 3625 versum
1804 3576 1865 3648 pro
1886 3564 2049 3649 corrupto
2070 3552 2208 3624 habea-

492 3712 589 3777 mus3
617 3689 705 3760 inira
735 3689 814 3784 quid
843 3689 886 3760 de
915 3690 1104 3783 particulae
1132 3692 1186 3760 καί
1213 3685 1359 3763 elisione
1388 3690 1604 3764 statuendum
1633 3695 1675 3764 sit
1703 3702 1909 3788 exponetur.

586 3828 715 3898 'Aliam
744 3826 950 3898 emendandi
979 3829 1069 3900 viam
1098 3831 1119 3898 ii
1149 3831 1357 3925 interpretes
1388 3833 1541 3922 ingressi
1575 3841 1653 3901 sunt
1679 3835 1735 3925 qui
1764 3853 1904 3902 versum
1933 3831 2133 3902 lacunosum
2163 3828 2206 3899 ad

493 3967 527 4036 id
557 3964 647 4060 quod
684 3975 786 4059 poeta
824 3965 949 4036 donato
988 3965 1103 4037 lebete
1142 3969 1312 4037 contineri
1345 3966 1454 4041 vellet
1488 3967 1672 4039 referrent.
1739 3969 1815 4056 Quo
1844 3991 1864 4039 e
1892 3989 2037 4038 numero
2076 3969 2210 4062 primus

495 4106 625 4176 exstitit
659 4101 879 4174 Godoiredus
914 4097 1195 4195 llermannus39]
1232 4127 1307 4174 cum
1340 4109 1477 4201 scripsit
1505 4099 1535 4204 qt
1561 4107 1591 4175 κ’
1620 4105 1667 4175 ἔνι
1693 4106 1841 4178 λειω...
1870 4106 2004 4203 ἀγείρῃς
2041 4114 2210 4176 vertens:

493 4263 543 4310 wo
571 4242 615 4308 dn
641 4241 707 4308 ciel
738 4240 939 4323 birteiatbun,
979 4245 1082 4310 warin
1118 4245 1162 4310 du
1198 4243 1265 4309 ciel
1297 4245 1409 4309 aiedeu
1445 4245 1573 4311 krtttrtst.
1622 4245 1719 4331 Quod
1758 4243 1978 4334 Dindorfius.
2009 4243 2210 4315 Schneide-

495 4381 622 4467 winus,
651 4376 826 4468 Bergkius
862 4376 1040 4449 laudarunt
1073 4381 1217 4450 edentes
1245 4381 1297 4448 λε’
1325 4379 1480 4476 ἀγείρῃςἾ
1522 4385 1731 4476 vituperavit
1760 4381 1983 4460 Welokerus.
2046 4381 2079 4450 Is
2118 4383 2211 4451 enirn

492 4614 805 4626 ——un-——n

598 4767 630 4832 ³⁷)
648 4763 687 4816 cl.
707 4765 859 4831 ltindcrliua,
878 4767 965 4820 Pbilcl.
984 4765 1061 4833 XXX,
1079 4786 1102 4836 p.
1122 4773 1164 4822 76.

597 4869 628 4934 ³³)
647 4867 685 4919 De
703 4867 760 4920 dial
779 4869 838 4922 Dor.
858 4872 908 4925 319
926 4889 963 4940 sq.

598 4973 631 5040 ²⁹)
648 4971 712 5038 Epit.
729 4973 807 5025 doctr.
826 4982 896 5026 metr.
916 4992 942 5042 p.
960 4977 1018 5028 2³9.
