5234 6602
1136 762 1388 833 „11--

505 970 712 1044 bleinekens
743 975 778 1042 in
804 970 1010 1044 editionibus
1033 980 1068 1042 et
1097 972 1308 1041 comicorum
1337 970 1614 1062 fragmentorum
1643 977 1678 1040 et
1697 969 1868 1041 Athenaei
1896 973 1940 1041 ita
1970 974 2122 1067 scripsit,

401 1132 607 1205 quamquam
634 1108 784 1181 nondum
823 1114 936 1182 omnia
974 1109 1075 1203 plana
1113 1117 1201 1180 sunt.
1264 1107 1403 1180 labetur
1437 1109 1504 1180 hoc
1538 1108 1617 1178 loco
1654 1109 1729 1178 sine
1763 1107 1865 1180 dubio
1900 1109 2023 1203 aliquis
2056 1113 2120 1182 tria

400 1269 526 1340 magna
560 1248 683 1344 pocula
713 1246 856 1320 ebihere
885 1272 973 1344 quae
1000 1244 1284 1345 perducebatur.
1339 1246 1415 1318 Hoc
1434 1241 1533 1342 ῥυτόν
1558 1285 1604 1298 -
1630 1267 1708 1316 narn
1729 1247 1950 1317 masculinam
1974 1246 2120 1318 formam

400 1385 607 1458 bleineheus
642 1408 704 1458 suo
732 1389 808 1459 iure
842 1409 877 1459 v.
905 1390 928 1459 5
957 1387 1044 1482 apud
1073 1385 1249 1481 Epinicum
1279 1387 1422 1457 restituit
1454 1425 1498 1436 -
1530 1385 1631 1478 quale
1667 1383 1770 1455 luerit
1811 1385 1970 1480 poculum
1999 1385 2122 1458 Doro-

402 1523 502 1594 theus
538 1522 701 1597 Sidonius
737 1525 827 1620 apud
860 1524 983 1597 Athen.
1018 1523 1040 1593 l.
1070 1525 1091 1594 l.
1128 1523 1255 1594 indicat
1288 1522 1341 1594 his
1376 1521 1495 1594 verbis
1530 1519 1572 1591 τδι
1606 1517 1688 1619 ῥυτὰ
1723 1521 1854 1618 κέρασιν
1892 1522 1988 1619 ὅμοια
2025 1519 2120 1614 εἶναι,

401 1658 640 1757 διατετρημένα
665 1653 818 1750 δἐἶναι,
845 1661 882 1741 ἐξ
907 1661 953 1732 ὧν
981 1660 1217 1759 κρουνιζόντων
1246 1662 1379 1738 λεπτῶς
1406 1660 1556 1731 κάτωθεν
1579 1659 1734 1732 πίνουσιν.
1772 1659 1965 1755 ὠνομάσθαι
1992 1657 2028 1731 δὲ
2056 1659 2122 1732 ἀπὸ

400 1812 461 1899 τῆς
479 1794 615 1894 ῥύσεως.
651 1801 683 1872 Α
703 1799 864 1873 co'rnibus
884 1797 967 1896 ῥυτά
985 1804 1030 1871 ita
1051 1799 1269 1888 dillcrebant,
1289 1808 1326 1869 ut
1345 1820 1420 1870 cum
1443 1798 1503 1869 illa
1522 1807 1558 1869 ut
1578 1801 1772 1870 etiamnunc
1791 1803 1824 1868 in
1845 1809 2003 1871 extrema
2023 1809 2120 1896 parte

402 1937 572 2032 ampliore
601 1949 721 2033 aperta
750 1949 880 2030 essent,
909 1940 996 2011 haee
1024 1943 1056 2010 in
1088 1941 1289 2032 angustiore
1310 1938 1466 2010 foramen
1488 1936 1932 2032 haberentetplerumque
1954 1941 2121 2033 incapite
2238 1939 2249 1968 ‘

401 2075 598 2146 animalium
634 2076 857 2168 desinerent,
893 2078 985 2148 unde
1022 2081 1161 2149 nomina
1197 2079 1399 2174 poculorum
1427 2077 1525 2148 velut
1551 2075 1648 2173 ρρὺψ,
1674 2079 1810 2173 κάπρος,
1835 2077 1946 2166 ἵπποςπ
1973 2081 2123 2175 πήρασος

402 2211 469 2283 alia
510 2211 722 2286 derivantur.
791 2214 889 2286 Haec
930 2219 1066 2287 nomina
1108 2225 1143 2286 ut
1183 2225 1279 2288 recte
1317 2207 1558 2303 uecterusffi)
1598 2217 1759 2310 exposuit
1804 2215 1846 2286 ad
1883 2215 1949 2286 alia
1984 2237 2122 2309 quoque

399 2350 543 2422 vaseula
580 2352 898 2442 transferebantur„
940 2377 1026 2448 quac
1071 2354 1207 2449 quidem
1255 2355 1448 2426 animalium
1492 2353 1659 2448 capitibus
1702 2364 1821 2424 essent
1865 2363 1996 2424 ornata.
2069 2353 2121 2426 Gl.

401 2483 593 2584 lledyli27]
609 2494 822 2584 epigramma
837 2491 925 2586 apud
940 2492 1061 2562 Athen.
1079 2503 1254 2564 servatum
1269 2503 1304 2564 et
1318 2514 1481 2564 vasorum
1502 2495 1671 2584 imagines
1686 2515 1706 2563 a
1722 2487 1937 2586 Panollra28]
1948 2453 2122 2564 collectas.

505 2628 533 2698 T
536 2632 586 2698 ria
610 2631 714 2720 igitur
744 2630 910 2701 eiusmodi
940 2629 1062 2725 pocula
1091 2653 1199 2725 eaque
1229 2631 1331 2702 solito
1360 2635 1492 2702 maiora
1514 2631 1677 2726 Epinicus
1698 2633 1816 2702 nescio
1837 2652 1936 2724 quem
1958 2633 2121 2701 miserum

401 2764 544 2837 ebibere
576 2767 650 2839 vult
687 2768 730 2838 ad
768 2767 991 2862 clepsydram
1029 2767 1278 2866 κρουνιζόμενον
1314 2771 1346 2840 h.
1376 2793 1407 2841 e.
1444 2773 1490 2840 ita
1529 2777 1563 2839 ut
1600 2790 1647 2840 ex
1684 2768 1793 2840 altero
1828 2768 1922 2840 fonte
1959 2771 2036 2840 sive
2074 2790 2122 2838 ex

402 2906 603 2994 angustiore
641 2916 737 3000 parte
773 2906 1070 2978 cornusimbibat
1105 2909 1163 2980 vel
1197 2913 1310 3002 potius
1350 2907 1500 2980 sorbeat.
1563 2907 1665 2979 Addit
1693 2912 1748 3002 qni
1778 2908 1925 3002 loquitur
1953 2907 2123 3004 ἀμφοτέρα

404 3038 431 3108 δ’
459 3040 666 3138 οἰωνίζομαι,
703 3044 793 3138 quod
822 3039 1071 3135 Dobraeus29)
1100 3049 1164 3118 elsi
1191 3045 1280 3116 benc
1309 3051 1436 3118 vertit:
1465 3050 1478 3112 ι’
1504 3048 1576 3114 wilt
1601 3048 1672 3128 bet,
1709 3046 1857 3117 nondum
1895 3055 2009 3116 tamen
2040 3049 2122 3118 satis

402 3180 602 3274 explicavit.
658 3180 777 3252 Verba
804 3203 893 3274 quac
921 3193 1110 3277 sequuntur
1138 3181 1258 3252 ἔστιδ’
1287 3183 1414 3282 ἐλέφας
1447 3189 1590 3281 primum
1620 3186 1780 3279 poculum
1810 3183 2016 3276 significant,
2051 3204 2121 3252 non

401 3339 469 3410 quo
502 3317 566 3389 hoc
594 3321 681 3390 sicut
711 3320 813 3414 rhyta
843 3330 945 3392 antea
974 3333 1242 3393 commemorata
1280 3333 1438 3394 extrema
1468 3333 1564 3419 parte
1594 3324 1757 3394 alterutra
1787 3323 1980 3417 elephantis
2007 3321 2122 3394 habu-

401 3458 468 3527 erit
494 3455 655 3546 lormam.
685 3457 747 3528 scd
777 3461 853 3552 quia
882 3468 950 3529 tam
977 3482 1139 3552 magnum
1167 3471 1255 3548 erat,
1285 3471 1320 3532 ut
1348 3462 1541 3556 elephantis
1568 3483 1679 3556 paene
1705 3461 1882 3531 stomacho
1911 3483 1997 3556 opus
2027 3470 2122 3532 esset

402 3593 445 3666 ad
478 3594 704 3688 excipiendos
737 3595 803 3667 duo
846 3598 952 3668 choes
995 3620 1080 3693 quos
1113 3599 1405 3694 complectebatur
1437 3598 1526 3694 (οὐδ’
1558 3599 1597 3670 ἂν
1632 3598 1756 3697 stipa<
1789 3599 1921 3688 ἐκπίοι).
1981 3598 2123 3670 Poterat

506 3935 538 4002 26)
557 3933 684 3986 Charicles
702 3933 735 4000 1²,
752 3951 777 4002 p.
798 3936 849 3988 190
867 3953 903 4006 sq.

507 4039 538 4106 ²7)
557 4038 573 4090 l.
591 4038 609 4090 l.
629 4037 658 4090 D.
695 4037 841 4114 ζωροπόται,
858 4041 897 4094 ναί
914 4051 984 4095 τοῦτο
1002 4040 1160 4116 φιλοζεφύρου
1178 4045 1241 4096 κατὰ
1258 4045 1315 4118 νηὸν

732 4125 758 4178 τὸ
777 4123 847 4204 ῥυτὸν
865 4127 958 4202 αίδοίιρς
977 4127 1039 4181 δεῦτ’
1058 4127 1113 4182 ἴδετ’
1130 4125 1255 4204 Ἀρσινόης

698 4205 818 4287 ὀρχηστὴν
836 4213 912 4283 βὴοαν
931 4214 1062 4290 nigerrrima,
1081 4213 1107 4274 ὃς
1125 4215 1193 4286 λιγὺν
1211 4215 1272 4288 alpos

732 4298 843 4360 σαλπίζει
860 4310 960 4375 κρουνοῦ
977 4305 1037 4373 προς
1056 4299 1121 4374 ρ’ύοιν
1139 4301 1271 4376 οίγομίνου,

695 4383 723 4437 οίι
741 4385 848 4456 πολέμου
866 4387 982 4460 eboc-eppa,
1002 4385 1041 4439 διὰ
1059 4389 1160 4461 χρυσίου
1178 4387 1204 4440 δέ
1222 4397 1322 4464 poposci

730 4471 843 4531 κώδωνος
860 4473 942 4544 κώμου
961 4472 1068 4545 ου’νθεμα
1085 4475 1125 4527 καί
1143 4473 1246 4544 δολίης,

693 4557 780 4617 Νεῖλος
798 4557 876 4612 dacica
894 4559 955 4621 δνοΕ
973 4560 1069 4630 μύσταις
1087 4559 1157 4632 φίλον
1175 4561 1317 4635 ίιραμνροὶς

731 4641 786 4720 εὗρε
805 4645 876 4718 μέλος
894 4645 969 4700 θείων
986 4647 1085 4722 πέτρων
1104 4646 1131 4707 ii
1148 4646 1249 4701 ἀδύτων.

695 4727 751 4784 ἀλλ’
770 4731 791 4783 εί
811 4731 937 4806 Κτησιβίου
955 4731 1028 4802 τορὸν
1046 4727 1135 4806 εὕρεμα
1151 4732 1214 4787 τίετε
1231 4743 1310 4802 τοῦτο,

730 4814 807 4884 δεῦτε,
824 4817 882 4882 κίοι,
899 4815 952 4889 νηοί
968 4816 1030 4886 τῷδε
1049 4821 1107 4892 παρ’
1123 4814 1248 4894 Ἀρσινόης
1266 4859 1273 4873 .
1292 4862 1299 4877 .
1321 4860 1328 4874 .

505 4917 536 4984 ²⁸)
557 4917 620 4969 Acta
638 4934 690 4973 soe.
709 4919 754 4972 litt.
772 4937 824 4988 reg.
844 4920 929 4972 Bnnrs.
950 4923 1028 4986 1851,
1046 4938 1069 4989 p.
1091 4923 1183 4974 t-st.

505 5021 539 5088 ι9)
558 5021 664 5072 Advers.
683 5024 738 5074 crit.
757 5024 812 5090 (ed.
833 5024 967 5094 Wagner.)
985 5025 1028 5091 111,
1047 5042 1070 5092 p.
1092 5027 1149 5080 115.
