5234 6602
1140 771 1394 844 ..13-

409 977 522 1049 iaculo
551 978 767 1049 interfecisse
797 977 860 1048 luae
888 980 1072 1050 occasione
1100 977 1213 1050 oblata
1255 990 1430 1070 narretur.
1472 973 1694 1073 Panetka32]
1723 980 1813 1052 bene
1841 984 2022 1078 perspexit
2051 1003 2126 1052 eum

411 1119 444 1186 in
473 1117 540 1188 lroc
560 1118 702 1190 vasculo
731 1120 824 1188 utin
853 1117 929 1189 aliis
956 1119 1046 1188 ieter
1074 1121 1186 1213 capita
1216 1119 1409 1190 animalium
1439 1128 1473 1190 et
1500 1121 1671 1210 imagines
1700 1121 1781 1214 ipsis
1809 1119 1922 1215 rhytis
1950 1121 2127 1214 impositas

410 1258 574 1326 artiorem
612 1255 784 1349 quendam
820 1276 992 1326 conexum
1026 1253 1245 1326 intercedere
1274 1255 1449 1351 preberet.
1506 1253 1611 1326 Certe
1641 1254 1776 1349 quidem
1804 1279 1932 1330 versus
1962 1257 1985 1328 9
2016 1267 2050 1328 et
2080 1255 2128 1340 10

410 1396 518 1488 priori
546 1393 786 1464 interlocutori
815 1416 833 1463 a
863 1391 1050 1464 llleinekeo
1080 1403 1174 1464 recte
1204 1392 1318 1464 tributi
1346 1403 1437 1482 sunt,
1467 1393 1620 1466 decimus
1649 1393 1757 1464 alteri.

516 1531 675 1602 Alterum
717 1531 876 1626 poculum
917 1533 1054 1628 τριήρης
1095 1523 1320 1622 consulte³³)
1364 1532 1508 1603 vocavit
1548 1541 1674 1626 poeta,
1720 1530 1810 1625 qued
1861 1553 1988 1604 nomen
2043 1555 2127 1604 nus-

409 1691 511 1762 quam
551 1679 736 1764 praeterea
782 1671 967 1740 invenitur.
1035 1669 1091 1739 Ac
1127 1671 1209 1740 satis
1246 1678 1361 1739 netum
1400 1677 1453 1740 est
1488 1668 1691 1764 poculorum
1729 1667 1894 1739 nonnulle
1932 1671 2070 1740 nomina
2109 1693 2128 1740 a

411 1799 562 1898 navigiis
599 1806 776 1901 desumpta
810 1828 906 1892 esse,
942 1806 1054 1901 qualia
1090 1806 1189 1877 allert
1216 1805 1371 1877 llacreb.
1400 1816 1460 1878 sat.
1490 1805 1536 1894 V.
1565 1806 1611 1877 21
1647 1809 1839 1904 καρχήσιον,
1867 1805 2016 1901 κὺρβιον,
2044 1808 2128 1877 κάν-

409 1943 525 2040 θαρος.
595 1942 650 2014 Ex
692 1919 766 2038 ipso
803 1944 985 2014 Athenaeo
1023 1943 1127 2016 facile
1164 1943 1264 2040 plura
1303 1947 1456 2039 conquiri
1491 1954 1653 2040 possunt.
1695 1945 1830 2036 singula
1869 1944 2031 2039 exempla
2070 1945 2129 2015 alii

409 2083 599 2175 scriptores
626 2082 856 2178 suppeditant.
903 2075 1139 2184 Porsenus³j⁴J
1168 2092 1201 2152 et
1229 2083 1440 2154 Welclrerus
1469 2083 1688 2154 omniafere
1718 2081 1953 2174 collegerunt.
1983 2104 2126 2177 quorum

411 2219 499 2289 alter
529 2230 625 2291 reete
655 2219 821 2292 observat
847 2222 985 2291 omnine
1015 2242 1177 2292 rasorum
1215 2231 1250 2292 et
1285 2221 1479 2293 utensilium
1518 2244 1752 2295 concavorum
1791 2231 1825 2292 et
1862 2229 2129 2294 ventrnosorum

411 2361 555 2430 nomina
575 2361 664 2429 inter
684 2381 721 2429 se
741 2358 862 2430 similia
891 2367 925 2429 et
952 2357 1041 2428 haurd
1070 2380 1151 2429 raro
1179 2357 1333 2454 pluribus
1357 2362 1402 2429 ita
1430 2362 1623 2430 eommunia
1644 2359 1764 2449 fuisse,
1794 2369 1827 2430 ut
1848 2347 1999 2454 cymba..
2016 2381 2130 2430 cuna·
2200 2441 2202 2448 ι

411 2494 512 2585 beuta,
550 2497 728 2591 pecatum.
765 2496 863 2570 lebes
898 2498 1092 2591 multaeque
1127 2497 1215 2567 aliae
1250 2519 1308 2569 res
1340 2518 1409 2567 une
1438 2496 1642 2592 eodemque·
1667 2496 1838 2569 vocabulo
1868 2498 2128 2569 denotarentur.

410 2633 480 2705 Sed
512 2658 733 2729 quoscunque
768 2635 866 2706 leoes
894 2638 1169 2729 comparaveris,
1205 2637 1356 2730 plateae.
1385 2635 1534 2731 phialae.
1564 2636 1769 2731 amphorae.
1798 2636 1950 2707 catillis
1979 2637 2130 2726 navigiis
2202 2629 2206 2636 ’

414 2776 552 2844 nemina
581 2773 706 2844 ducunt
734 2784 875 2868 prepter
903 2774 1170 2862 similitudinem.
1199 2773 1309 2868 rhptis
1337 2777 1413 2848 sive
1442 2774 1606 2847 cornibus
1630 2777 1742 2865 magis
1768 2775 1962 2846 animalium
1991 2777 2131 2846 nomina

411 2915 551 3006 propriu
596 2911 702 2984 luisse
743 2920 1012 2982 consentaneum
1051 2921 1113 2982 est.
1176 2910 1290 2997 Quare
1325 2916 1354 2984 si
1382 2911 1612 2984 Welckerum
1645 2916 1821 2984 triremem
1857 2911 2019 3007 patellam
2052 2913 2130 3008 sive

411 3049 562 3120 catillum
602 3049 708 3143 luisse
742 3053 902 3144 opinatur
938 3051 978 3121 ad
1016 3049 1245 3143 hauriendam,
1268 3074 1315 3120 ex
1352 3049 1466 3122 lebete
1495 3049 1621 3146 pultem
1660 3051 1887 3140 destinatum.
1925 3071 2056 3121 vereor
2085 3071 2130 3120 ne

412 3196 548 3257 temere
588 3186 674 3258 hano
711 3181 933 3284 preposuerit
961 3193 1203 3260 coniecturam.
1259 3187 1459 3261 Tenendum
1489 3191 1580 3260 enim
1609 3197 1662 3260 est
1690 3185 1779 3283 apud
1809 3187 1918 3259 solum
1947 3185 2129 3281 Epinicum

412 3324 621 3426 vocabulum
636 3329 773 3424 τριήρης
791 3325 834 3396 de
855 3327 978 3420 pemle
1003 3331 1173 3422 usurpari.
1194 3328 1282 3399 hune
1303 3328 1410 3398 selum
1440 3325 1482 3397 ab
1510 3329 1584 3420 ipso
1596 3325 1777 3397 Athenaeo
1787 3317 1842 3418 ³⁵]
1871 3328 1903 3395 in
1934 3321 2129 3395 delinienda

413 3466 555 3534 trireme
584 3467 697 3552 citeri,
727 3463 768 3534 ad
797 3454 886 3536 hu'nc
914 3465 1022 3537 solum
1051 3469 1228 3561 pertinere
1249 3465 1417 3560 Hesychii
1446 3464 1599 3556 glossam
1628 3461 1862 3544 aWelckere
1892 3483 2028 3556 quoque
2049 3462 2131 3532 lau-

411 3599 523 3671 datam
555 3604 706 3698 τριήρης·
743 3601 810 3680 ἔξω
838 3617 898 3704 της
925 3603 1010 3680 νεὼς
1045 3603 1098 3673 καὶ
1124 3601 1221 3701 ῥυτόν
1249 3629 1279 3674 τι
1307 3605 1453 3699 ἔκπωμα.
1508 3599 1656 3673 Accedit
1690 3599 1779 3693 qued
1817 3621 1882 3670 nec
1910 3599 2038 3670 Pollux
2071 3603 2129 3693 qui

413 3738 518 3809 nrulta
544 3740 744 3834 poculorum
773 3763 908 3831 genera
937 3735 1136 3834 enarrat35)
1165 3746 1339 3814 triremem
1373 3744 1470 3813 nevit
1506 3763 1571 3811 nee
1608 3741 1826 3810 recentiores
1855 3739 1922 3808 viri
1952 3736 2042 3808 docti
2071 3738 2126 3830 qui

412 3875 528 3970 qualia
558 3876 616 3947 illa
646 3875 774 3948 luerint
802 3879 1023 3974 explicarunt
1049 3879 1136 3950 hanc
1163 3882 1493 3952 commemoratione
1513 3877 1651 3970 dignam
1671 3875 1854 3947 habebant.
1894 3874 1982 3962 Quid
2002 3875 2132 3970 plural

414 4013 565 4109 thtum
608 4014 757 4086 Alcman
798 4027 929 4090 amatae
972 4018 1108 4112 puellae
1151 4020 1286 4088 minimo
1328 4017 1490 4105 donavit,
1533 4017 1666 4087 etiamsi
1711 4014 1838 4109 patella
1874 4016 1951 4086 sive
1992 4011 2128 4084 catillus

414 4152 535 4224 luisset
573 4175 640 4247 que
678 4165 837 4248 tanquam
876 4177 939 4250 pro
976 4156 1152 4227 cochleari
1191 4165 1353 4228 uteretur.
1419 4154 1507 4241 Quin
1546 4155 1646 4224 etiam
1683 4153 1865 4225 ridiculum
1903 4150 2025 4224 luisset
2062 4150 2130 4221 tale

518 4496 551 4562 ³²)
572 4495 587 4549 l.
607 4495 622 4546 l.
641 4510 665 4561 p.
684 4495 725 4547 27.
1996 4529 1998 4536 .

518 4583 550 4651 ³³)
570 4581 714 4650 lingnitede
732 4581 797 4632 enim
816 4579 898 4647 poculi
917 4581 972 4646 ipso
990 4581 1089 4632 nomine
1110 4580 1273 4632 indicabatur.
1310 4579 1427 4634 Similiter
1445 4581 1477 4634 de
1495 4599 1522 4634 re
1540 4597 1630 4650 rnagua
1649 4577 1715 4630 idam
1738 4575 1887 4629 uocabulum
1906 4575 1988 4642 posuit
2006 4573 2130 4636 Philocte,

411 4665 466 4718 her.
487 4669 529 4731 10,
546 4684 571 4736 p.
590 4671 641 4720 677
658 4664 769 4740 Ἀχιλλεῖ
786 4665 825 4720 καὶ
841 4662 951 4720 Ὀδυσσεῖ
971 4665 1097 4720 ἀναθεῖναι
1116 4662 1250 4741 (Ὅμηρον)
1270 4667 1353 4742 τριήρη
1372 4667 1493 4743 τιττάρων
1511 4669 1584 4722 ἐπῶν,

518 4756 550 4820 ³⁴)
568 4755 607 4806 Ad
627 4753 711 4820 Eurip.
730 4753 793 4804 lled.
815 4754 872 4806 139.

517 4843 550 4908 ³⁵)
568 4841 609 4906 lil,
628 4857 652 4908 p.
672 4841 723 4893 500
741 4839 768 4892 F.
805 4839 918 4915 Τριήρης.
942 4839 978 4893 ὅτι
995 4841 1035 4893 καὶ
1052 4839 1151 4915 τριήρης
1169 4839 1232 4902 εἶδος
1249 4839 1392 4912 ἐκπώματος
1407 4835 1528 4899 Ἐπίνικος
1552 4835 1816 4910 ὲν’1ποβα).λορέναις
1835 4834 1963 4907 delitum.
1990 4833 2133 4908 προιίρηται

411 4926 441 4980 dl
458 4925 485 4979 τὸ
504 4927 639 5001 paprdpmv.

518 5025 552 5089 2⁶)
572 5023 698 5076 Onomast.
719 5021 910 5088 vt,o.5-1oe.
