5234 6602
1231 765 1273 775 -
1333 725 1380 796 qq

500 930 635 1028 ἀγείρῃς
662 935 821 1028 pertinet,
849 932 979 1003 lineola
1008 935 1240 1026 superscripta
1269 934 1389 1003 nescio
1418 953 1461 1000 an
1490 929 1525 1000 ἐν
1553 932 1765 1026 praepositio
1793 929 1937 1006 indicata
1958 925 2072 996 luerit.
2114 926 2217 997 Eva·
2267 889 2297 1026 ’Δ

498 1079 647 1142 nuerunt
666 1073 771 1163 igitur
790 1091 923 1164 paucae
944 1067 1103 1163 syllabae
1124 1067 1222 1137 buius
1241 1089 1382 1157 versus.
1411 1091 1477 1138 nec
1498 1078 1588 1140 tanta
1609 1068 1730 1138 lacuna
1750 1077 1804 1140 est
1823 1073 1982 1160 quantam
1999 1063 2217 1135 Welokerus

443 1201 447 1210 '
497 1205 624 1301 aliique
654 1210 892 1304 explicatores
925 1228 1000 1276 eam
1028 1227 1106 1276 esse
1135 1204 1400 1278 arbitrabantur.
1439 1205 1539 1292 Quod
1559 1208 1704 1299 gravius
1724 1215 1790 1294 est,
1818 1205 2059 1296 grammaticas
2079 1223 2217 1296 quoque

499 1343 718 1422 difficultates
748 1346 1001 1441 expedivimus.
1044 1344 1140 1438 Apud
1168 1341 1395 1416 Welclrerum
1424 1347 1513 1415 enim
1543 1353 1577 1415 et
1606 1347 1660 1438 qui
1690 1366 1767 1414 eum
1796 1344 1904 1414 secuti
1933 1348 2010 1411 sunt
2027 1339 2218 1435 particulae

495 1483 549 1552 καί
580 1484 680 1554 elisio
713 1480 927 1570 ollendebat,
965 1503 1067 1574 quam
1099 1485 1173 1575 ipse
1202 1483 1259 1552 vir
1291 1481 1507 1554 doctissimus
1543 1482 1728 1553 notabilem
1759 1481 1902 1551 vocavit
1926 1479 2108 1549 licentiam.
2162 1475 2217 1546 Ac

499 1613 787 1709 Threrschius⁴2)
824 1619 958 1713 quidem
999 1641 1073 1689 cum
1112 1620 1301 1714 particulae
1340 1620 1561 1715 copulativae
1600 1619 1844 1716 diphthongum
1882 1640 1952 1688 non
1988 1617 2098 1689 solum
2127 1613 2217 1709 apud

500 1759 687 1830 Homerum
725 1758 786 1830 sed
822 1761 921 1828 etiam
956 1757 1044 1853 apud
1075 1757 1259 1828 Pindarum
1296 1757 1451 1852 aliosque
1489 1768 1610 1852 poetas
1646 1757 1734 1828 baud
1769 1779 1850 1828 raro
1879 1755 1961 1827 elidi
1991 1753 2217 1843 concederet,

478 1898 612 1994 ¹maltis
632 1897 718 1967 locis
733 1918 915 1992 perperam
942 1897 972 1964 κ’
988 1899 1086 1986 (sive
1103 1893 1158 1990 χ’)
1176 1917 1238 1990 pro
1263 1897 1316 1964 καί
1339 1917 1418 1968 esse
1445 1895 1569 1983 voluit„
1598 1893 1655 1964 ubi
1683 1895 1739 1966 alii
1768 1899 1975 1989 interpretes
2004 1901 2060 1963 aut
2087 1891 2220 1962 adver-

499 2035 590 2106 bium
619 2034 755 2105 modale
784 2042 841 2104 aut
874 2037 988 2104 crasin
1026 2032 1170 2106 subesse
1204 2043 1405 2104 statuerunt.
1467 2033 1585 2118 Quare
1615 2042 1735 2104 contra
1764 2055 1841 2102 eum
1870 2035 2061 2104 acerrimus
2089 2030 2221 2102 exstitit

500 2173 724 2246 adversarius
764 2164 1025 2266 Spitmamsti)
1065 2175 1120 2242 cui
1148 2171 1323 2252 Homerus
1359 2172 1546 2266 particulae
1574 2173 1627 2242 καί
1655 2173 1835 2242 elisionem
1864 2193 2007 2266 prorsus
2034 2173 2220 2262 ignorasse

499 2313 691 2383 videretur.
734 2310 804 2382 Sed
824 2313 858 2381 in
878 2311 1038 2402 negando
1057 2309 1123 2380 bac
1143 2310 1291 2381 elisione
1311 2311 1530 2405 Spitanerum
1551 2311 1687 2382 modum
1708 2313 1878 2401 migrasse
1897 2301 2220 2398 Baeumlciniustt)

499 2449 662 2522 iudicavit
681 2451 737 2543 qui
756 2469 865 2542 pauca
879 2447 1003 2518 saltem
1024 2449 1194 2542 exempla
1210 2459 1420 2540 agnosceret
1435 2449 1634 2536 Homerica,
1651 2469 1855 2542 quamquam
1875 2447 1963 2542 apud
1983 2457 2104 2542 poetas
2123 2447 2219 2542 lyri-

502 2611 562 2660 cos
582 2576 767 2658 nemodum'
788 2587 869 2657 talia
889 2585 1060 2681 probavit.
1116 2587 1262 2656 Alcman
1282 2589 1356 2681 ipse
1382 2589 1494 2658 crasin
1524 2586 1666 2658 exbibet
1694 2586 1881 2682 particulae
1910 2586 1964 2656 καί
1983 2586 2107 2676 fragm.
2125 2583 2221 2656 LXX

501 2724 603 2824 aaut,
631 2723 791 2814 uxxlv.
821 2725 842 2796 3
870 2727 945 2823 κήν,
976 2723 1155 2794 elisionem
1185 2747 1362 2817 nusquam.
1411 2724 1516 2797 Multo
1545 2726 1733 2821 simplicior
1754 2748 1811 2798 res
1836 2733 1900 2813 est,
1929 2728 1957 2796 si
1985 2725 2044 2794 acia
2072 2744 2136 2818 pro
2164 2723 2221 2792 κέν

506 2864 597 2958 quod
625 2872 677 2935 est
704 2866 738 2932 in
768 2862 959 2956 archetypo
988 2854 1127 2932 Veneto
1157 2847 1348 2935 scribimus.

610 3000 707 3071 Haec
735 3003 824 3070 enim
855 3000 1024 3095 particula
1052 3002 1111 3070 κάν
1140 3023 1207 3070 non
1236 3002 1339 3072 modo
1370 3001 1452 3071 nihil
1483 3002 1585 3074 habet
1613 3002 1817 3074 difficultatis
1842 3002 1901 3072 sed
1924 3005 2102 3095 quaerenti
2122 2958 2223 3073 eius·
2276 2973 2277 2978 Ἰ
2319 3096 2325 3107 ο

506 3141 583 3211 dem
613 3141 755 3232 generis
783 3137 944 3232 exempla
973 3141 1169 3229 gratissime
1192 3138 1344 3209 offertur.
1388 3143 1475 3210 Nam
1496 3150 1673 3236 postquam
1694 3140 1918 3212 Buttmannns
1946 3142 2070 3234 aliique
2099 3161 2224 3230 gram-

506 3280 620 3348 matici
657 3277 761 3347 multa
796 3275 838 3346 de
877 3275 999 3347 formis
1031 3277 1101 3364 κέν,
1135 3275 1186 3365 κέ,
1214 3277 1317 3347 κάει
1351 3278 1488 3371 quidem
1524 3301 1683 3371 magnam
1721 3289 1869 3373 partem.
1891 3278 1979 3352 falsa
2017 3277 2223 3367 docuerunt,

511 3417 613 3507 Hugo
643 3409 880 3504 Weberus45)
913 3415 1075 3509 peculiari
1109 3413 1231 3484 libello
1267 3414 1355 3486 banc
1395 3420 1628 3510 quaestionem
1667 3420 1857 3488 rectissime
1886 3419 1930 3487 ita
1960 3397 2159 3489 diiudicarit
2186 3425 2223 3487 ut

507 3576 584 3624 cum
605 3553 700 3624 titulo
720 3553 890 3624 Arcadico
909 3552 1023 3646 paullo
1043 3561 1122 3622 ante
1146 3553 1237 3623 edito
1260 3562 1328 3623 tum
1352 3553 1547 3645 linguarum
1573 3558 1830 3649 comparatione
1857 3556 1999 3627 edoctus
2022 3556 2081 3626 κάν
2101 3557 2226 3651 primi-

506 3679 645 3783 geniam
673 3691 819 3762 formam
848 3713 927 3762 esse
955 3689 1129 3785 probaret.
1187 3689 1249 3762 Oui
1279 3714 1442 3765 assensus
1471 3704 1523 3766 est
1550 3693 1805 3767 Delbrueclrius
1816 3688 1878 3786 16)-
1915 3693 2110 3765 Particulae
2133 3713 2224 3762 vcro

508 3832 567 3901 κάν
584 3852 659 3900 cum
679 3839 818 3924 praeter
835 3838 993 3922 quattuor
1014 3828 1090 3898 lere
1106 3830 1268 3923 exempla
1294 3831 1389 3902 titulo
1415 3832 1474 3903 illo
1490 3832 1662 3905 Arcadico
1684 3827 1891 3923 servarat]
1920 3855 1985 3903 nec
2013 3832 2225 3923 grammatici

507 4051 820 4061 .—

612 4198 643 4262 44)
662 4196 768 4247 Gramm.
788 4194 873 4245 Graec.
896 4209 921 4259 p.
941 4195 1001 4257 243,
1021 4195 1080 4244 111.

612 4285 644 4349 44)
663 4282 732 4333 llom.
752 4281 821 4332 lliad.
841 4297 938 4331 escars.
957 4279 1020 4344 Xlll,
1040 4287 1066 4346 §.
1086 4283 1109 4331 2.

613 4370 647 4434 44)
667 4367 767 4430 Quaest.
786 4367 818 4417 de
838 4367 917 4418 modis
937 4367 1023 4418 Graec.
1041 4384 1066 4434 p.
1088 4369 1136 4418 162
1156 4385 1192 4435 sq.
1229 4367 1376 4418 Etiamnunc
1409 4367 1507 4420 llomcri
1536 4369 1643 4421 editores
1662 4370 1693 4421 de
1711 4387 1741 4422 ea
1759 4387 1787 4422 re
1805 4371 1934 4435 dabiram,
1961 4372 2005 4422 aed
2029 4379 2097 4423 recte
2114 4371 2228 4439 plerique

510 4471 560 4506 non
579 4463 627 4506 tam
647 4455 775 4506 elisionem
794 4470 868 4522 quarn
886 4455 968 4504 crasin
987 4454 1122 4521 particulae
1144 4454 1185 4506 καὶ
1202 4463 1343 4522 agnoscant
1359 4455 1379 4504 B
1399 4456 1458 4520 238,
1486 4457 1584 4518 2260,
1602 4459 1624 4509 ll
1643 4457 1710 4520 731,
1734 4477 1749 4531 q
1769 4459 1830 4522 255,
1855 4456 1945 4518 (282.
1982 4458 2086 4526 Singula
2111 4457 2228 4526 persequi

509 4543 669 4608 aproposito
688 4549 772 4592 nostro
790 4541 898 4592 alienum
917 4551 962 4595 est.
999 4541 1037 4592 Cf.
1056 4541 1090 4593 ba
1109 4541 1196 4592 llocbii
1214 4549 1308 4608 quaest.
1330 4540 1428 4592 llomer.
1447 4542 1525 4608 (bips.
1546 4544 1625 4610 18614)
1643 4559 1667 4609 p.
1680 4545 1731 4595 281
1752 4553 1776 4596 ει
1789 4544 1889 4595 llartelii
1901 4545 1966 4596 stud.
1982 4544 2080 4596 llomer.
2093 4543 2136 4608 lll‚
2148 4561 2172 4611 p.
2184 4546 2227 4595 41.
2302 4575 2325 4616 '.

511 4627 691 4680 Delbrueclrius
710 4629 736 4678 in
755 4627 940 4695 quaestiouibus
958 4635 1025 4693 synt.
1043 4627 1075 4678 ab
1094 4629 1148 4694 ipso
1174 4636 1200 4678 ει
1218 4627 1372 4679 Windiscbio
1397 4628 1475 4678 editis¹
1494 4627 1575 4693 (llalis
1594 4629 1651 4681 Sax.
1673 4630 1753 4698 1871)
1773 4647 1796 4696 p.
1819 4632 1868 4682 181)
1893 4631 1983 4682 iniuria
2001 4631 2020 4682 Z
2039 4633 2090 4683 260
2108 4633 2129 4684 κ’
2147 4631 2229 4697 parti-

511 4715 583 4766 culae
600 4713 627 4766 at
645 4713 773 4776 adscribit,
791 4730 838 4765 nec
857 4713 1012 4776 lluebnerua,
1031 4730 1135 4782 gramm.
1156 4713 1229 4779 ampl.
1248 4713 1288 4765 Gr.
1307 4715 1339 4779 1²,
1360 4731 1384 4780 p.
1405 4716 1454 4766 188
1474 4713 1643 4766 Baeumlcinio
1661 4715 1789 4768 elisionem
1807 4718 1946 4769 concedere
1965 4717 2059 4769 debuit.

615 4801 647 4868 ⁴⁵)
665 4799 703 4850 lle
720 4808 785 4864 part.
800 4799 890 4852 Dorica
909 4799 974 4866 llA,
993 4800 1060 4852 llalis
1078 4801 1136 4852 Sex.
1157 4801 1235 4852 1861.

615 4889 646 4954 46)
666 4886 693 4936 ln
712 4887 897 4954 quaestiouibus
915 4896 1022 4953 syntact.
1042 4888 1073 4938 ab
1092 4889 1145 4953 ipso
1163 4895 1189 4938 et
1208 4886 1362 4937 Wiadiacbio
1381 4886 1453 4937 oditis
1471 4903 1495 4952 p.
1514 4889 1556 4938 86.

616 4975 652 5039 44)
672 4972 818 5024 Particulam
830 4973 874 5026 κάν
887 4973 951 5025 tituli
964 4975 1081 5026 Arcadici
1094 4981 1182 5025 tractat
1194 4973 1327 5024 Weberum
1341 4982 1442 5024 secutus
1456 4973 1591 5036 Galbiana,
1604 4974 1635 5024 de
1650 4973 1757 5025 dialecto
1771 4975 1892 5027 Arcadica
1905 4978 1930 5026 in
1944 4975 2012 5027 Cart
2025 4977 2088 5027 stud.
2104 4976 2133 5042 ll,
2151 4993 2174 5042 p.
2187 4977 2230 5028 12.
