5234 6602
1233 539 1463 609 ,4.-

596 735 799 809 Athenaeus
840 739 914 810 sine
951 738 1053 810 dubio
1091 740 1296 812 Alcmanem
1330 745 1502 816 immerito
1536 746 1625 814 inter
1663 743 1846 816 helluones
1882 745 2031 834 rettulit,
2068 769 2145 818 cum
2177 749 2212 820 is

489 895 559 944 nec
592 873 791 966 fragmento
819 884 921 947 antea
949 875 1085 948 laudato
1114 878 1291 952 edacitatis
1319 905 1398 955 sese
1429 889 1569 952 accuset
1610 903 1723 974 neque
1759 903 1801 952 eo
1835 882 1923 976 quod
1953 881 2157 956 Athenaeus
2185 907 2211 954 e

490 1013 607 1106 quinto
635 1012 724 1084 libro
753 1017 938 1084 carminum
965 1001 1246 1088 Alcmanicornm
1271 1020 1362 1090 addit
2003 1003 2007 1014 ¹

1058 1153 1148 1250 ὥρας
1175 1153 1203 1223 δ’
1219 1157 1331 1292 {denne
1353 1165 1462 1267 τρεῖς,
1488 1158 1589 1255 θέρος

1056 1273 1109 1343 καὶ
1137 1287 1237 1372 χεῖμα
1262 1279 1424 1374 κώπώραν
1451 1277 1561 1375 τρίταν

1056 1394 1110 1464 καὶ
1135 1395 1290 1492 τέτρατον
1317 1396 1354 1470 τὸ
1371 1397 1442 1498 ἦρ,
1472 1395 1532 1466 ὅκα

1059 1517 1177 1586 σάλλει
1205 1517 1282 1613 μέν,
1311 1519 1421 1589 ἐσθίεν
1449 1517 1478 1588 δ’
1507 1518 1586 1590 ἄδαν

1059 1639 1118 1708 οὐκ
1145 1637 1243 1709 tactu.

593 1772 664 1844 lam
693 1774 866 1847 Henricus
901 1776 1097 1870 Stephanus
1129 1776 1335 1868 adjectivum
1366 1777 1541 1874 παμφάγος
1576 1780 1608 1848 in
1644 1778 1767 1847 malam
1797 1786 1926 1871 partem
1957 1780 2066 1874 accipi
2095 1782 2209 1851 vetuit

487 1910 624 1982 collatis
652 1911 760 1984 trihus
796 1912 882 1984 loeis
911 1915 1011 2007 plane
1040 1893 1232 2009 perspicuis
1245 1907 1300 2004 3),
1335 1913 1390 1985 ubi
1421 1938 1440 1984 e
1470 1913 1643 1985 eo'ntrorio
1673 1913 1889 2011 ‚contentum’
1918 1914 2102 2006 signifieat.
2132 1938 2204 1988 non

488 2048 589 2120 aliter
626 2073 667 2121 ac
703 2055 731 2121 si
768 2073 833 2124 nos
870 2051 1038 2124 dicimus:
1067 2055 1126 2120 der
1153 2053 1250 2121 Alles
1282 2055 1356 2122 test.
1419 2051 1591 2137 Quartum·
1619 2053 1729 2124 locum
1758 2047 2023 2147 Welckerus4)
2061 2054 2203 2146 addidit,

490 2190 547 2280 qui
575 2191 766 2260 rectissimo
794 2189 1132 2282 iudiciohagmenu
1167 2193 1275 2262 nostri
1304 2200 1544 2282 argumentum
1576 2191 1643 2261 hoc
1672 2214 1751 2263 esse
1779 2191 1913 2263 voluit:
1942 2191 2067 2263 donum
2096 2199 2203 2288 poeta

367 2426 373 2436 .
487 2333 621 2396 amatae
649 2327 784 2421 puellae
814 2327 872 2398 vel
907 2351 1055 2422 sponsae
1084 2331 1259 2424 promittit,
1288 2339 1322 2399 ut
1350 2339 1467 2424 pastor
1496 2329 1584 2424 apud
1613 2329 1831 2400 Theocritum
1852 2329 1896 2419 V,
1919 2330 1994 2401 104
2021 2331 2202 2402 mulctram

486 2468 720 2558 cupressinam
752 2465 784 2537 et
813 2476 994 2538 craterem.
1049 2465 1126 2537 Hoc
1162 2467 1287 2537 donum
1317 2468 1416 2560 quale
1444 2467 1560 2556 inerit,
1586 2491 1631 2537 ex
1651 2470 1755 2562 ipsius
1776 2478 1899 2562 poetae
1919 2466 2039 2539 verbis
2059 2470 2200 2552 minime

401 2598 405 2605 ’
487 2605 659 2697 corruptis
695 2607 777 2676 salis
814 2604 910 2674 clare
942 2612 1094 2698 apparet.
1156 2605 1243 2674 Erat
1275 2607 1363 2674 enim
1398 2607 1504 2700 tripus
1539 2581 1746 2678 ventruosus
1781 2603 1952 2702 (τρίποδος
1978 2606 2096 2696 κύτος)
2125 2609 2201 2704 igni

484 2739 634 2811 nondum
670 2744 847 2837 impositus
875 2739 972 2832 (ἀλλ’
1000 2739 1048 2810 ἔτι
1075 2753 1133 2813 νῦν
1161 2739 1190 2837 γ’
1217 2740 1363 2838 ἄπυρος)
1390 2745 1411 2812 i.
1442 2765 1472 2813 e.
1502 2765 1636 2833 novus,
1671 2723 1774 2837 ‘quem
1813 2752 1927 2814 tamen
1955 2743 2058 2815 brevi
2094 2753 2200 2839 poeta

482 2890 601 2974 sperat
638 2881 731 2974 pulte
774 2880 942 2975 repletum
981 2882 1022 2950 iri
1059 2891 1176 2975 utpote¹
1211 2873 1278 2975 quo
1315 2880 1391 2950 ciho
1428 2883 1614 2975 praecipue
1651 2880 1843 2951 delectetur
1880 2881 1988 2975 (τάχα
2023 2878 2059 2952 δὲ
2093 2880 2201 2959 πλέος

482 3016 613 3109 ἔτνεος,
642 3014 709 3089 οἷον
741 3025 786 3072 -’-
818 3059 865 3070 -
893 3017 1058 3118 ἠράσθη).
1116 3017 1205 3088 Nam
1234 3041 1301 3089 non
1334 3021 1466 3112 quaerit
1494 3028 1595 3112 poeta
1624 3020 1752 3088 victum
1781 3017 1965 3090 artificiose
1993 3028 2196 3113 apparatum

480 3153 548 3256 (ἠο
572 3155 786 3252 τετυγμένον)
821 3155 881 3229 sed
910 3156 1129 3227 cottidianum
1158 3178 1199 3225 ac
1227 3154 1376 3227 sobrium
1406 3151 1700 3247 (ἀλλὰπάκοινά
1725 3153 1823 3252 γὰρ),
1852 3179 1919 3250 quo
1947 3156 2075 3248 vulgus
2103 3179 2200 3228 con·

479 3303 608 3365 tentum
641 3297 684 3366 sit
720 3293 852 3390 (ὥςπερ
880 3295 897 3365 ὁ
925 3291 1026 3390 δᾶμος
1051 3293 1216 3387 ζατεύει).
1286 3294 1371 3382 Quid
1412 3293 1543 3386 igitur?
1582 3316 1698 3365 nonne
1740 3294 1826 3364 haec
1867 3297 1979 3365 omnia
2014 3294 2115 3389 plana
2153 3317 2199 3365 ac·

478 3435 660 3528 perspicua
688 3432 794 3506 sunt?
823 3454 938 3503 nonno
967 3431 1119 3503 moribus
1147 3431 1497 3504 Lacedaemoniorum
1526 3433 1586 3503 vel
1615 3409 1763 3503 manime
1792 3423 2076 3503 accommodata?
2105 3435 2200 3504 inter

477 3593 564 3664 quos
604 3574 765 3664 quoniam
818 3580 920 3666 poeta
974 3568 1140 3658 vivebat,
1195 3572 1273 3641 lieet
1314 3593 1333 3642 e
1376 3565 1534 3665 Lydia5]
1590 3569 1754 3641 oriundus
1800 3579 1915 3659 esseta
1970 3572 2073 3640 etiam
2118 3593 2198 3641 cum

425 3717 434 3742 *
478 3712 519 3780 iis
555 3709 743 3781 vivendum
781 3717 865 3780 erat.
919 3708 993 3781 Neo
1022 3711 1133 3780 minus
1169 3731 1269 3803 quam
1304 3709 1347 3779 de
1384 3711 1489 3803 ipsius
1525 3718 1649 3802 poetae
1687 3705 1934 3779 consuetudine
1970 3707 2115 3778 vivendi
2151 3707 2199 3777 de

579 4057 600 4122 ³)
618 4055 782 4120 Aristoteles,
808 4055 858 4122 pol.
877 4055 904 4119 1,
929 4057 996 4120 3,3
1025 4058 1142 4110 animalia
1167 4075 1221 4110 asse
1246 4058 1281 4109 ait
1297 4055 1328 4110 τὰ
1347 4058 1389 4127 μὶν
1409 4055 1541 4129 ζῳοφάγα,
1566 4054 1597 4108 τὰ
1622 4054 1648 4106 dl
1673 4053 1834 4128 καρποφάγα,
1858 4053 1889 4107 τά
1914 4052 1940 4106 δὲ
1965 4051 2095 4124 παμφάγα.
2131 4049 2198 4103 rtur.

476 4158 557 4210 symp.
579 4141 621 4207 tt,
642 4143 666 4206 l,
685 4144 701 4194 3
720 4158 822 4194 corvum
841 4150 866 4193 et
883 4144 1007 4194 cornicem
1025 4146 1148 4218 παμφάγα
1165 4163 1191 4198 τε
1210 4145 1250 4196 καὶ
1268 4142 1348 4216 πάοης
1366 4143 1491 4215 ἁπτόμενα
1507 4151 1606 4217 τροφῆς,
1623 4140 1686 4192 Plin.
1698 4138 1741 4204 vt,
1761 4140 1805 4204 30,
1824 4141 1857 4192 35
1877 4140 2007 4207 distinguit
2019 4137 2202 4207 Agriophagos

478 4229 633 4297 Pamphagus
651 4229 883 4298 Anthropophagos.
998 4257 1003 4264 ·

581 4318 603 4384 ⁴)
622 4316 674 4368 Sor.
693 4317 753 4367 min.
772 4315 817 4380 lv,
837 4317 877 4368 66.
913 4315 951 4368 Ci.
970 4317 1045 4368 Arist
1063 4318 1121 4369 hist.
1137 4334 1177 4369 an.
1197 4316 1261 4381 vni,
1281 4321 1296 4370 5
1315 4315 1331 4389 ἡ
1351 4313 1377 4369 di
1396 4315 1481 4391 ἄρκτος
1498 4313 1630 4386 παμφάγον
1648 4312 1704 4366 ieri.
1772 4343 1773 4348 =

584 4405 604 4472 ⁵)
623 4401 685 4455 llam
704 4401 812 4454 dubitari
830 4403 932 4472 nequit,
955 4405 1014 4472 quin
1040 4422 1085 4457 suo
1104 4406 1157 4456 iure
1175 4403 1252 4456 Maur.
1271 4404 1421 4456 Schmidtiua
1439 4401 1526 4453 Philol.
1548 4399 1717 4464 xv111‚'22t
1737 4399 1875 4451 Aristarchi
1901 4397 1933 4449 de
1960 4398 2040 4464 patria
2066 4395 2201 4447 Alcmanis

429 4527 438 4545 ,-
480 4485 628 4542 sententiam
646 4489 712 4556 apud
731 4489 833 4542 Suidam
851 4491 986 4543 restituerit
1008 4492 1055 4543 hoc
1073 4493 1284 4558 transpositione:
1302 4487 1411 4560 Ἀλκμὰν
1435 4487 1514 4548 Λυδὸς
1537 4487 1564 4540 ὲκ
1588 4483 1718 4561 Σάρδεων,
1741 4485 1803 4538 κατὰ
1827 4483 1856 4537 δὲ
1876 4485 1917 4538 τὸν
1941 4479 2056 4558 Κράτητα
2079 4481 2199 4535 πταίοντος

476 4577 565 4630 Δάναν
583 4576 609 4629 iz
628 4577 743 4635 Μεαοόας.
779 4577 806 4628 si
823 4585 890 4628 recta
909 4585 992 4628 meent
1009 4595 1074 4646 quae
1097 4595 1164 4630 nunc
1187 4580 1212 4630 in
1236 4577 1387 4630 editionibus
1405 4575 1497 4628 Suidae
1520 4573 1652 4642 leguntur,
1676 4571 1834 4623 Aristarchus
1852 4576 1973 4632 errasset,
1990 4567 2085 4620 ¹Crates
2106 4583 2199 4620 verum

478 4657 590 4715 uidisset.
627 4661 755 4714 consentit
773 4662 834 4718 Vell.
853 4662 905 4715 Pat.
924 4664 951 4728 l,
971 4665 1020 4729 18,
1038 4665 1054 4716 3
1078 4667 1208 4716 Alemone
1225 4667 1343 4717 Lacones
1360 4665 1435 4730 falso
1453 4663 1502 4712 siti
1519 4663 1655 4712 vindicant
1678 4666 1703 4710 et
1720 4658 1792 4709 Alex.
1812 4656 1868 4708 Aet.
1887 4655 1961 4708 Anth.
1981 4652 2031 4706 Pal.
2052 4653 2113 4717 vti,
2133 4653 2197 4705 709.

475 4749 558 4802 Etiam
578 4750 622 4818 qui
639 4758 789 4817 postremum
808 4751 839 4802 de
858 4752 908 4803 vita
927 4751 1054 4804 Alcmania
1072 4751 1235 4818 scripserunt,
1253 4750 1385 4802 l'eulielius
1404 4751 1428 4800 in
1448 4746 1535 4812 Paulyi
1553 4745 1649 4812 encycl.
1668 4745 1714 4797 lin.
1732 4752 1783 4795 ant.
1802 4743 1834 4807 1²,
1852 4742 1903 4796 683
1922 4759 1975 4810 sqq.
1990 4749 2016 4792 ct
2033 4739 2199 4804 Beuselerus,

476 4845 572 4906 quaest.
591 4837 703 4888 Alcman.
723 4837 827 4901 (laenaci
848 4838 923 4904 1872)
942 4837 962 4901 Ι,
981 4855 1004 4904 p.
1024 4839 1040 4889 3
1059 4837 1189 4889 Schmidtii
1207 4839 1327 4890 rationem
1346 4837 1434 4889 merito
1452 4834 1592 4886 laudarunt.
1629 4831 1733 4882 Dubitat
1750 4831 1792 4899 qui
1811 4829 1937 4882 Beoselerl
1959 4827 2200 4880 commentationem

475 4925 602 4976 recensuit
620 4925 644 4974 in
664 4922 716 4974 lnd.
736 4923 794 4988 phil.
812 4921 892 4989 suppl.
910 4922 941 4974 lv
960 4939 985 4990 p.
1004 4925 1063 4976 330.
