5234 6602
1132 699 1381 769 *15-

396 909 576 994 postquam
596 901 696 970 nimis
711 896 815 970 antrib
832 899 1073 973 Germanicum
1095 904 1242 976 verbum
1261 907 1374 1003 aledea
1403 914 1436 977 ut
1456 905 1498 977 de
1517 908 1610 1002 pulte
1632 931 1726 982 nove
1746 911 1869 982 dictum
1889 915 2115 1008 reprehendit
2167 873 2173 880 -

395 1039 455 1130 qui
483 1036 657 1126 codicum,
696 1040 820 1132 inquit,
853 1042 1057 1134 scripturam
1086 1051 1219 1114 temere
1248 1053 1479 1137 spreverunt,
1508 1067 1574 1115 non
1604 1057 1809 1142 reputarunt
1836 1072 1947 1145 neque
1974 1047 1999 1148 ’γ’
2024 1054 2113 1125 adeo

395 1174 501 1246 facile
530 1197 629 1269 quam
657 1176 807 1270 simplex
835 1176 868 1244 L
896 1179 928 1248 in
956 1179 987 1246 Α
1014 1183 1134 1250 mutari
1164 1203 1279 1276 neque
1307 1181 1367 1252 vel
1399 1204 1522 1275 aquam
1551 1193 1585 1253 et
1613 1183 1761 1255 farinam
1790 1188 1850 1258 vel
1880 1192 2040 1286 quicquid
2069 1192 2112 1263 ad

395 1313 526 1407 pultem
554 1315 766 1410 coquendam
795 1318 944 1411 pertinet
971 1318 1087 1409 colligi
1116 1322 1148 1390 in
1171 1342 1247 1392 vas.
1277 1319 1459 1390 Rationem
1485 1321 1822 1417 palaeographicam,
1851 1326 1907 1398 ubi
1939 1328 1981 1399 de
2011 1332 2110 1402 nnius

396 1451 568 1523 litterulae
589 1450 792 1525 confusione
813 1464 949 1545 agatur,
979 1454 1123 1528 forsitan
1147 1461 1283 1530 mireris
1312 1459 1345 1527 ei
1373 1458 1556 1531 ollensioni
1579 1483 1658 1532 esse
1683 1466 1740 1556 qui
1768 1446 1844 1557 ipse
1872 1464 1978 1535 multo
1998 1468 2110 1539 rarius

396 1591 554 1661 usitatum
592 1591 829 1686 compendium
865 1593 1056 1684 admiserit,
1094 1596 1203 1675 altero
1240 1605 1352 1667 autem
1385 1606 1589 1689 argumento
1620 1598 1831 1671 Welcherns
1864 1580 1948 1673 nibil
1976 1602 2111 1698 probat.

395 1727 480 1800 Nam
511 1727 553 1799 de
582 1733 689 1801 variis
721 1731 820 1825 pultis
852 1732 1033 1806 elementis
1060 1734 1094 1803 in
1124 1733 1241 1806 lebete
1270 1735 1529 1829 concoquendis
1567 1739 1692 1830 optime
1729 1759 1832 1832 posse
1868 1737 2010 1835 ἀγείρειν
2046 1740 2111 1812 dici

396 1873 515 1945 neseio
552 1893 613 1940 cur
640 1891 821 1962 negemus.
876 1871 1007 1942 Verum
1045 1877 1134 1944 enim
1168 1896 1257 1945 vero
1287 1874 1477 1944 Hermanni
1508 1876 1706 1945 coniectura
1735 1876 1884 1947 nondum
1917 1877 2042 1950 sufficit
2069 1878 2111 1949 ad

395 2010 607 2080 restituenda
635 2019 759 2104 poetae
780 2009 915 2080 verba:
945 2021 1062 2081 manet
1090 2012 1228 2100 lacuna,
1258 2021 1372 2083 manet
1399 2011 1483 2083 illud
1503 2012 1578 2081 λεια
1596 2012 1655 2083 vel
1685 2011 1733 2082 λε’
1753 2014 1813 2085 vel
1841 2017 1871 2086 si
1900 2014 1976 2108 qnid
2006 2038 2116 2111 prae-

396 2157 492 2218 terea
522 2147 776 2237 enucleaveris,
806 2147 894 2242 quod
925 2171 1027 2219 nenio
1057 2149 1142 2220 dixit
1171 2149 1249 2244 quid
1280 2149 1343 2221 sibi
1374 2150 1469 2221 velit.
1513 2150 1630 2236 Quare
1651 2118 1831 2222 aliialiter
1852 2153 1964 2224 locum
1986 2177 2114 2226 sanare

395 2286 591 2356 voluerunt.
620 2279 886 2380 llleiuclreus40)
914 2289 1104 2380 suspicatur
1133 2283 1162 2384 pt
1189 2286 1244 2359 κὲν
1271 2287 1433 2384 ἐδέσματα
1459 2288 1559 2359 πολλ’
1593 2287 1764 2384 ἐναρείρῃς
1792 2291 1974 2365 consessus
2002 2301 2114 2364 tamen

396 2425 482 2496 baec
522 2427 653 2495 incerta
691 2447 787 2513 esse,
825 2447 891 2494 nec
928 2427 1038 2495 nairms
1076 2426 1240 2496 audacter
1275 2426 1489 2518 Hartungius
1520 2430 1657 2522 scripsit
1694 2422 1778 2523 (ρκ’
1807 2426 1854 2498 ἔνι
1888 2427 2024 2499 πυάνιόν
2064 2453 2113 2500 σοι

393 2563 538 2659 ἀγείρῃς.
568 2563 757 2655 Utrumque
777 2587 796 2632 a
816 2585 920 2633 sensu
952 2563 1090 2656 probari
1121 2573 1253 2658 posset,
1284 2566 1348 2635 nisi
1378 2587 1396 2634 a
1425 2564 1581 2635 codicum
1610 2567 1780 2658 scriptura
1802 2568 1901 2637 nimis
1921 2568 2113 2643 recederet.

396 2700 520 2772 Habeo
552 2703 640 2795 quod
669 2705 810 2797 propius
840 2703 984 2773 accedat
1011 2726 1077 2773 nec
1106 2685 1217 2774 rninus
1247 2702 1372 2774 bonum
1402 2703 1461 2774 vel
1490 2707 1601 2798 potius
1629 2706 1743 2774 etiam·
1766 2703 1945 2774 meliorem
1974 2727 2112 2777 sensum
2210 2672 2213 2676 Ι

394 2839 561 2935 praebeat
591 2836 621 2940 qi
648 2841 679 2908 τί
711 2866 769 2908 καν
797 2839 901 2916 italo:
934 2843 1106 2938 ἐναρείρῃς
1138 2841 1169 2911 b.
1200 2864 1229 2911 e.
1259 2846 1291 2912 in
1325 2863 1424 2935 quem
1459 2841 1555 2937 (scil.
1583 2830 1756 2930 lebetem]
1789 2839 1946 2933 benigne
1984 2843 2111 2936 aliquid

294 3006 310 3067 ·,
393 2947 542 3069 colligas
572 2980 648 3067 vel,
687 2981 818 3074 siquis
848 2979 1142 3052 cunrHermanni
1173 2983 1339 3052 versione
1369 2981 1470 3051 aliam
1501 2980 1743 3052 Germanicam
1771 3000 1976 3072 comparare
2004 2980 2109 3051 velit:

393 3138 444 3185 wo
471 3118 515 3184 du
546 3139 583 3184 ao
616 3117 808 3205 freuudlich
838 3121 911 3187 sein
940 3120 1079 3202 htatinat,
1116 3131 1217 3188 etwoa
1253 3119 1576 3188 melioracionem.
1632 3116 1719 3202 Quid
1749 3119 1792 3188 sit
1823 3116 1906 3187 illud
1933 3142 1963 3187 τι
1990 3120 2110 3189 iocosa

395 3257 577 3354 reticentia
605 3255 800 3344 indicatum,
829 3267 932 3351 poeta
962 3261 1080 3351 paucis
1109 3256 1273 3328 versibus
1301 3267 1378 3353 post
1406 3241 1479 3351 ipse
1508 3260 1629 3352 aperit.
1666 3256 1721 3327 Ne
1738 3257 1812 3349 quis
1833 3265 1945 3326 autem
1965 3254 2112 3326 verbum

395 3389 573 3490 ἐναγείρειν
603 3393 645 3464 de
673 3394 750 3465 cibo
781 3399 937 3489 usurpari
966 3419 1070 3490 posse
1099 3405 1219 3486 neget,
1249 3398 1443 3466 meminerit
1471 3404 1549 3490 apte
1577 3394 1643 3465 hoc
1671 3394 1730 3464 vel
1758 3392 1802 3465 de
1831 3391 1977 3484 singulis
2006 3390 2112 3464 rebus

394 3531 589 3626 praedicari
618 3532 739 3627 quibus
763 3533 890 3627 pultem
919 3545 1021 3630 pocla
1050 3544 1209 3604 constare
1238 3534 1345 3630 vallet
1374 3534 1431 3605 vel
1461 3534 1504 3604 ad
1533 3531 1683 3604 lebetem
1712 3541 1871 3627 spectare
1900 3529 2110 3625 paullatim

394 3669 471 3740 cibo
509 3670 710 3765 replendum
747 3694 814 3765 quo
850 3671 881 3741 id
911 3673 1096 3743 modestius
1125 3683 1256 3743 uniatur
1284 3682 1458 3768 precetur.
1512 3671 1622 3742 Etiam
1651 3669 1853 3758 Diodorbo,
1892 3669 2107 3756 Hermanno,

392 3808 679 3898 Schneidewiuo,
707 3809 863 3901 Berghio
884 3810 1027 3880 verbnm
1056 3811 1197 3906 ἀγείρειν
1219 3812 1285 3882 boo
1308 3834 1412 3882 sensu
1436 3810 1518 3881 nihil
1544 3809 1674 3880 babere
1693 3808 1894 3881 offensionis
1913 3805 2107 3877 videbator.

499 3948 556 4019 Sic
602 3971 719 4020 eornm
767 3972 853 4044 quae
901 3954 935 4020 in
990 3949 1163 4019 codicibus
1218 3951 1379 4040 leguntur
1431 3953 1657 4043 unaquaeqne
1697 3948 1809 4017 littera
1855 3953 1996 4016 servata
2041 3952 2108 4031 est,

396 4083 463 4154 hoc
503 4089 614 4180 posito
655 4110 696 4157 ac
738 4110 907 4160 concesso
949 4087 1096 4159 Doricos
1134 4089 1263 4158 lormas
1309 4114 1329 4155 α
1366 4087 1479 4158 vocali
1518 4089 1687 4182 scriptaS,
1733 4083 1822 4179 quod
1859 4105 2029 4178 persaepe
2076 4080 2112 4152 iit

392 4224 427 4293 in
465 4225 631 4295 eiusmodi
672 4225 898 4319 fragmentis,
932 4229 1053 4299 Atticis
1089 4227 1195 4299 luisse
1234 4221 1435 4316 mutatas⁴¹)
1477 4235 1592 4320 utpote
1630 4223 1860 4295 usitatioribus
1893 4230 1927 4291 et
1960 4220 2110 4292 librariis
2149 4273 2152 4276 -

391 4365 504 4453 magis
538 4366 694 4456 cognitis.
751 4365 868 4460 ltaque
896 4365 951 4436 κέν
980 4389 1043 4462 pro
1071 4369 1149 4454 κάν,
1183 4366 1292 4442 ἵλεως
1326 4388 1389 4460 pro
1418 4364 1522 4441 iidoc
1555 4366 1716 4456 scriptum
1753 4369 1843 4446 erat,
1872 4385 1893 4428 α
1921 4367 2034 4429 antem
2066 4357 2108 4428 ad

497 4707 531 4768 ⁴0)
551 4706 623 4757 Attal.
642 4708 696 4757 crit.
715 4707 747 4757 ad
765 4706 824 4758 Ath.
843 4707 1004 4774 deipnosoph.
1023 4724 1046 4774 p.
1070 4707 1125 4758 183.

496 4791 532 4859 ⁴¹)
552 4791 603 4855 Sic,
622 4800 648 4842 ut
666 4793 804 4858 fragmenta
821 4793 966 4844 Alcmanica
988 4793 1020 4843 ab
1036 4793 1165 4844 Athenaeo
1183 4803 1281 4844 servata
1301 4792 1410 4843 breviter
1427 4790 1617 4857 perlustramus,
1635 4785 1799 4849 xxvtttt,2
1824 4786 1849 4836 in
1876 4784 1931 4834 cod.
1950 4782 2012 4833 Van.
2032 4783 2054 4833 A
2073 4791 2110 4832 est

389 4873 487 4950 ὄρνιθος
505 4892 550 4942 pro
569 4878 661 4951 ipram,
689 4878 796 4943 xxxiv,
816 4882 832 4931 3
851 4879 907 4931 libri
925 4880 1025 4953 χρύσιον
1044 4879 1177 4943 exhibant,
1201 4897 1251 4948 quio
1276 4879 1330 4930 loco
1355 4877 1478 4945 berghius
1505 4885 1571 4927 reete
1594 4874 1690 4948 χρύσιον
1713 4873 1827 4938 scripsit,
1851 4871 1884 4922 ib.
1903 4872 1928 4920 in
1947 4869 2020 4919 codd.
2040 4867 2110 4919 Pvt.

389 4961 481 5034 ἔχουσα
498 4963 598 5032 legitur,
618 4982 666 5016 non
686 4966 777 5038 ἔχοισα,
797 4965 918 5031 xxxvii,
937 4967 949 5020 1
971 4968 1067 5019 Μοῦσαν
1084 4966 1185 5035 vulgata
1204 4968 1279 5018 lectio
1297 4974 1350 5017 crat
1368 4981 1413 5031 pro
1432 4967 1531 5023 lluada,
1549 4963 1606 5014 alia.
